3144 5062
446 503 678 595 Cartulare
701 501 755 594 de
777 505 981 593 Domina.
1206 535 1261 623 27

176 682 314 689 ...ο-..ᾤ
326 682 413 687 --μ
488 682 558 687 -.-..
577 683 602 687 -.
681 684 699 687 Α.
724 685 738 688 ,.
775 685 777 688 ,
824 685 830 688 ,
983 683 996 686 ⁷.
1045 680 1261 687 ‚>.--.—.-..—

168 747 325 843 episcopi,
340 750 375 818 ὅ(
391 744 517 817 audiret
532 746 618 816 mala
630 771 705 843 qure
718 747 875 818 monachi
890 747 936 816 sui
948 742 1063 838 injuste
1078 747 1172 816 toties
1182 743 1263 843 passr

168 861 308 950 fuerant,
322 866 356 933 ὅ(
369 862 476 958 priora
488 887 562 959 quae
582 863 678 933 fulco
694 866 728 934 ἃ
746 860 910 955 adjutores
928 863 974 932 sui
991 861 1110 933 adhoc
1124 864 1262 959 permit-

170 975 296 1065 tebant,
313 977 481 1073 nullusque
497 975 543 1048 ibi
556 976 634 1047 alius
646 977 737 1065 esset,
758 981 814 1073 qui
827 1004 866 1048 ex
880 974 986 1049 nostra
1003 1001 1094 1075 parte
1110 980 1263 1048 intereos

169 1095 214 1163 rei
230 1096 410 1164 novitatem
426 1092 539 1180 sciret3
558 1093 724 1189 placitavit
739 1092 781 1164 de
799 1094 860 1165 hac
873 1094 1005 1190 querela
1025 1118 1140 1165 contra
1156 1096 1264 1166 inimi-

170 1233 227 1279 cos
253 1205 389 1298 nostros,
419 1207 608 1297 fulconem,
631 1205 871 1279 Mauresiellum
887 1213 922 1279 ἃ
939 1210 1012 1280 suos
1027 1234 1105 1280 curn
1126 1206 1262 1280 consilio

170 1321 297 1395 domini
315 1321 482 1395 ismidonis
498 1322 641 1420 episcopi
658 1326 942 1394 &canonicorum
962 1331 1032 1416 ejus
1041 1321 1103 1394 stc:
1129 1349 1263 1394 centum
1351 1380 1358 1388 .

170 1437 289 1511 solidos
309 1464 425 1537 pactus
441 1442 487 1509 eis
505 1465 565 1510 nos
586 1436 731 1529 daturos,
747 1464 848 1509 unam
865 1437 1077 1510 medietatem
1092 1442 1127 1510 in
1144 1437 1263 1513 festivi·

172 1579 237 1626 tate
255 1557 354 1627 sancti
370 1554 524 1644 Andreae,
547 1554 644 1625 aliam
660 1557 694 1625 in
711 1558 835 1627 octavis
852 1555 953 1626 sancti
970 1556 1097 1645 Hilarii,
1114 1555 1206 1652 quod
1218 1560 1264 1627 ita

171 1673 319 1745 fecimus.
342 1674 512 1745 Novitium
525 1699 659 1768 quoque
678 1698 781 1742 unum
801 1669 889 1764 jussit
905 1671 947 1743 ad
964 1673 1028 1744 hoc
1050 1671 1146 1744 nobis
1159 1671 1265 1744 dorni-

172 1815 233 1860 nus
246 1788 348 1860 abbas
360 1816 421 1887 pro
434 1791 499 1860 hoc
512 1792 667 1887 recipere,
684 1815 783 1884 quern
795 1789 890 1860 Fusco
901 1786 1046 1886 promisit
1062 1787 1104 1860 de
1120 1789 1178 1861 suo
1191 1816 1266 1887 pro-

171 1909 243 2004 prio
251 1905 376 1993 vestire,
392 1905 447 1977 sed
456 1905 568 2004 postea
581 1932 682 2003 quam
696 1931 756 1977 nos
768 1908 927 1977 novitium
940 1908 1123 2004 recepimus
1136 1931 1264 2003 nequa-

174 2048 274 2117 quam
287 2022 351 2093 hoc
363 2022 472 2111 sulco,
489 2045 526 2092 ut
536 2021 738 2119 promiserat,
753 2020 857 2092 voluit
867 2020 1034 2118 perficere.
1047 2022 1177 2092 Tamen
1188 2048 1263 2093 orn-

174 2161 251 2206 nem
270 2138 511 2232 querimoniam
535 2160 647 2205 coram
668 2133 806 2206 domino
831 2131 950 2204 abbate
969 2139 1004 2205 &
1022 2133 1181 2207 lsrnidone
1202 2133 1265 2206 do-

173 2255 265 2324 mino
281 2253 435 2350 episcopo
452 2255 582 2350 penitus
599 2250 644 2322 ibi
664 2254 699 2321 in
716 2249 898 2348 supradicta
914 2254 1003 2323 curia
1018 2250 1264 2348 reliquerunt&

173 2363 336 2435 finierunt.
367 2366 412 2435 Hi
441 2366 514 2437 sunt
537 2368 593 2460 qui
618 2365 693 2435 huic
714 2364 836 2460 placito
860 2363 1092 2435 interfuerunt:
1113 2364 1265 2435 Artaldus

174 2482 259 2553 Prior
275 2479 477 2553 Rosanensts.
494 2479 686 2552 Ademanus
700 2481 785 2551 Prior
804 2479 845 2550 de
867 2481 1024 2577 Ronpon.
1051 2482 1159 2551 Petrus
1182 2482 1264 2551 Prae-

173 2593 295 2692 positus
313 2597 454 2685 Dauvel,
464 2600 499 2668 δι
516 2596 568 2666 aiii
580 2595 686 2692 plures
698 2597 861 2665 canonici.
880 2594 924 2664 Eo
938 2618 1086 2692 tempore
1098 2618 1167 2665 erat
1180 2596 1265 2665 Prior

175 2709 216 2781 de
229 2712 377 2782 Domina
388 2709 543 2782 dominus
557 2711 661 2808 Hugo
673 2707 715 2779 de
727 2709 759 2778 la
773 2710 864 2780 Porta
884 2711 941 2804 qui
963 2707 1113 2780 denarios
1125 2707 1266 2779 reddidit

175 2830 209 2898 ὅ(
223 2828 382 2896 novitium
395 2825 541 2921 suscepit.

177 3075 1264 3128 ueuuedouuuueoueuueuuuuuutrueuouuuuuueueuua

178 3367 235 3446 23.
259 3351 350 3418 Corra
362 3352 399 3416 de
416 3351 600 3416 contentione
613 3349 739 3436 quodam
754 3372 816 3435 quo
829 3348 924 3412 evenit
938 3349 1079 3411 internos
1092 3342 1122 3410 δ’
1135 3346 1269 3411 homines

573 3467 686 3551 nostros
699 3464 736 3528 de
748 3462 866 3530 mura.

188 3746 302 3841 1³52}
317 3792 324 3807 .
348 3739 452 3811 OTU
463 3738 497 3807 Μ
511 3737 573 3808 esse
587 3740 737 3832 cupimus
750 3732 960 3832 praesentibus
969 3737 1003 3804 ὅ(
1017 3732 1129 3803 suturis
1138 3731 1179 3803 de
1188 3760 1269 3830 qua-

180 3851 196 3932 ζ
212 3834 240 3952 ᾗ
258 3828 304 3933 i
318 3849 333 3931 J
347 3853 426 3925 darn
439 3856 653 3926 contentione
662 3877 736 3947 quae
751 3876 827 3921 nata
839 3847 884 3921 est
896 3853 979 3920 inter
993 3852 1131 3920 Priorem
1143 3848 1185 3920 de
1199 3853 1270 3922 Do

212 3915 334 4063 ‘nisisi
348 3972 437 4039 mina
450 3968 623 4040 dominum
632 3964 782 4037 videlicet
794 3965 976 4062 Hugonem
986 3965 1041 4058 qui
1051 3961 1219 4034 dicebatur
1226 3962 1268 4034 de

176 4093 206 4162 la
221 4091 324 4178 Porta,
339 4093 373 4160 ὅ(
387 4084 431 4158 ess
445 4087 535 4158 finita
549 4109 695 4181 ternpore
710 4081 836 4153 domini
849 4078 976 4151 Arbcrti
990 4081 1111 4149 Prioris.
1123 4079 1267 4149 Joannes
