3144 5062
529 426 761 519 Cartulare
781 424 835 518 de
856 429 1057 520 Domina.
1251 459 1326 547 241

303 696 380 744 100.
403 671 580 746 Umbertus
591 672 633 743 de
647 698 714 745 uno
732 672 848 743 curtilo
864 671 965 742 debet
976 696 1116 768 quatuor
1128 671 1335 764 denarios,&

249 786 333 860 misit
349 788 487 861 domino
508 788 648 861 Arberto
669 790 765 860 Priori
777 792 811 859 in
826 787 1053 861 vadimonium
1075 790 1226 861 curtilum
1242 793 1335 862 suum

248 909 305 1002 qui
317 904 363 977 est
373 904 462 1003 apud
479 907 637 977 Sanctum
653 907 851 1004 Georgium,
866 932 924 1002 per
944 905 1060 978 decem
1076 904 1207 997 solidos,
1227 907 1336 981 domi-

248 1047 359 1117 noque
384 1022 553 1117 Stephano
578 1023 673 1092 Priori
695 1019 864 1111 vendidit,
887 1025 922 1091 ἃ
945 1020 1060 1092 habuit
1083 1021 1125 1094 ab
1150 1026 1196 1094 eis
1221 1027 1337 1123 viginti

247 1139 369 1206 &octo
386 1133 523 1223 solidos3
534 1135 673 1230 suntque
689 1136 722 1204 in
740 1138 785 1205 eis
803 1132 870 1205 duo
887 1135 1017 1222 cellarii,
1035 1162 1118 1206 unus
1132 1135 1178 1208 est
1192 1136 1336 1211 dominte

249 1250 369 1320 Clarae.

294 1365 407 1462 Vuigo
422 1362 522 1434 debet
537 1362 695 1434 dedomo
712 1365 767 1433 sua
783 1366 836 1435 sex
853 1362 1015 1435 denarios.

295 1482 451 1578 Otgerius
469 1478 618 1551 debetde
630 1506 698 1551 uno
707 1480 823 1551 curtilo
836 1478 1028 1569 duodecim,
1044 1486 1079 1552 ἃ
1091 1479 1133 1552 de
1146 1483 1210 1555 alio
1220 1487 1336 1557 curtilo

247 1602 304 1695 qui
316 1597 361 1670 est
376 1607 467 1691 juxta
483 1595 714 1669 monasterium
728 1620 881 1694 quatuor,
896 1594 982 1668 &de
999 1597 1101 1669 altero
1118 1603 1174 1694 qui
1191 1598 1237 1671 est
1247 1609 1337 1693 juxta

247 1710 417 1783 boscatum
433 1712 486 1782 sex
503 1709 654 1781 denarios
670 1712 705 1778 ὅ(
719 1734 822 1778 unum
839 1708 1014 1780 sometum.

295 1824 515 1919 Maynoardus
535 1823 636 1897 debet
652 1821 693 1894 de
711 1821 815 1894 domo
831 1823 888 1893 sua
904 1821 1021 1894 decern
1038 1822 1199 1896 denarios.

293 1942 486 2012 Vuifleimus
503 1939 544 2010 de
557 1966 625 2011 uno
641 1938 756 2010 curtilo
773 1936 949 2010 duodecim
966 1936 1128 2009 denarios.

293 2056 491 2129 Teotbertus
507 2054 608 2126 debet
624 2053 665 2125 de
683 2051 787 2125 domo
803 2054 859 2124 sua
872 2050 1050 2124 duodecim
1067 2052 1231 2145 denarios,
1247 2058 1336 2130 &de

245 2172 361 2243 curtilo
370 2170 652 2260 decem,&unum
663 2170 1026 2264 sometum,&quatuor
1037 2167 1188 2241 denarios
1203 2197 1337 2271 propter

243 2287 379 2359 seudum
392 2286 433 2357 de
447 2287 566 2357 Sancta
582 2285 682 2356 Maria
697 2288 731 2354 in
747 2284 857 2354 Ramis
872 2283 1066 2355 Palmarum.

293 2401 532 2495 Constantinus
550 2398 651 2471 debet
666 2399 707 2470 de
725 2399 828 2471 domo
844 2399 901 2469 sua
916 2400 969 2470 sex
986 2399 1146 2473 denarios.

277 2518 493 2592 ¹Goolbertus
508 2517 665 2615 presbiter
682 2515 783 2593 debet
798 2515 1014 2589 duoscaseos.

292 2634 480 2706 Lambertus
489 2661 548 2731 pro
557 2632 660 2705 domo
672 2633 728 2706 sua
738 2638 842 2730 &pro
851 2633 967 2704 curtilo
976 2631 1161 2707 debetocto
1171 2634 1332 2726 denarios,

243 2758 278 2824 ὅ(
292 2753 437 2850 Paganus
453 2748 608 2846 presbiter
624 2751 659 2818 in
675 2745 842 2820 festivitate
862 2747 964 2818 sancti
981 2749 1119 2848 Georgii
1136 2774 1214 2822 octo
1231 2749 1333 2822 dena-

242 2872 337 2940 riatas
353 2865 394 2937 de
409 2864 559 2963 piscibus.

289 2981 437 3055 Andreas
458 2977 636 3051 Rainaldus
653 2978 753 3051 debet
767 3006 828 3076 pro
841 2979 944 3051 domo
956 2980 1015 3071 sua
1028 3003 1107 3051 octo
1120 2979 1280 3052 denarios.

295 3122 373 3170 101.
390 3099 536 3195 Paganus
555 3093 595 3165 de
609 3095 737 3166 cellario
750 3096 808 3166 suo
821 3119 899 3166 octo
911 3093 1071 3166 denarios.

290 3216 448 3312 Otgerius
465 3210 506 3282 de
524 3212 653 3282 cellario
665 3211 723 3281 suo
739 3209 928 3282 duodecim.

290 3325 470 3400 Richardus
484 3349 562 3398 octo
575 3324 736 3397 denarios.

289 3448 407 3542 Drogo
423 3440 581 3538 presbiter
598 3439 697 3512 debet
713 3439 765 3512 sex
781 3439 963 3511 denariatas
981 3438 1022 3510 de
1039 3438 1178 3535 piscibus
1193 3442 1227 3510 in
1248 3438 1332 3512 festi-

238 3569 336 3639 vitate
353 3562 454 3632 sancti
471 3558 651 3630 Benedicti.
791 3591 794 3596 ·

287 3673 467 3749 Bernardus
482 3676 624 3745 Vanitus
637 3673 737 3745 debet
754 3674 807 3743 sex
820 3672 983 3744 denarios.

287 3793 353 3863 Filii
370 3787 583 3862 Constantini
600 3786 723 3860 debent
743 3787 807 3859 hoc
824 3788 1005 3858 servitium:
1027 3786 1210 3883 Stephanus
1225 3787 1330 3859 unde-

238 3912 302 3979 cim
327 3905 494 3992 denarios,
522 3903 689 3975 Tebaldus
709 3901 881 3989 undecim,
899 3899 1061 3973 Rodulfus
1074 3900 1327 3997 septemdecim,

238 4031 271 4096 ἃ
291 4049 393 4094 unum
406 4024 579 4094 sornctum.

1145 4131 1184 4204 rb
