3144 5062
520 522 750 620 Cartulare
772 529 827 620 de
849 533 1052 622 Domina.
1246 561 1322 652 251

244 712 255 717 -
271 711 352 717 -..-.
361 711 463 716 .-..-.....
479 711 533 715 ...a
549 712 573 716 -.
633 711 654 716 -.
665 711 699 715 --
719 712 769 716 --
794 711 913 717 ..--.--
927 712 1213 719 --.-—.-—-..·-..
1224 714 1289 720 --.
1299 715 1317 719 -.

242 775 404 848 denarios.
425 774 507 848 Odo
524 774 718 847 Bertrandus
738 773 820 846 duos
839 775 1001 849 denarios.
1022 775 1225 874 Capelianus
1246 774 1332 847 duo-

242 891 350 963 decim
363 891 514 964 denarios
527 890 568 963 de
583 890 730 988 quodam
743 890 845 964 feudo
857 919 959 989 quem
972 890 1063 963 dedit
1070 891 1151 964 Odo
1164 891 1205 962 de
1216 891 1329 964 Revel.

241 1009 434 1107 Hungrinus
452 1009 546 1079 miles
561 1007 604 1079 ad
623 1005 874 1081 conversionem
889 1010 1025 1081 veniens
1037 1008 1127 1106 apud
1149 1011 1332 1081 Dominam

240 1127 380 1197 contulit
404 1152 505 1198 unam
524 1128 656 1199 vineam
677 1150 751 1222 quoe
771 1128 922 1197 continet
946 1124 1028 1198 duas
1051 1126 1236 1214 fossatam,
1260 1126 1332 1197 lau-

242 1239 342 1312 dante
355 1241 424 1313 filio
434 1241 492 1312 suo
507 1245 542 1313 &
560 1241 719 1338 Guigone
732 1236 854 1312 Alvisro
863 1239 905 1310 de
914 1246 1007 1334 cujus
1020 1237 1121 1314 feudo
1134 1239 1329 1313 habebatur.

294 1381 349 1428 ιο.
370 1358 406 1427 In
422 1357 594 1454 parrochia
607 1355 734 1426 Sanctae
751 1355 861 1426 Mariae
873 1354 1035 1426 habemus
1049 1381 1153 1426 unum
1165 1355 1330 1442 mansum,

241 1475 299 1570 qui
310 1472 372 1544 fuit
384 1471 540 1545 Gotfredi
556 1471 598 1543 de
615 1472 800 1559 Moirenco,
816 1497 918 1567 quem
934 1494 1050 1543 tenent
1070 1470 1178 1542 rustici
1196 1469 1242 1542 ad
1261 1497 1334 1541 me-

241 1588 411 1679 dietatem,
427 1596 461 1663 ὅ(
475 1588 580 1662 reddit
592 1589 658 1660 hoc
670 1589 854 1660 servitium:
871 1590 979 1659 Petrus
999 1587 1087 1660 sutor
1107 1586 1192 1660 duos
1212 1586 1334 1659 solidos

241 1711 275 1778 ὅ(
298 1709 444 1802 quinque
469 1703 622 1777 denarios
641 1731 702 1802 pro
722 1702 825 1774 domo
846 1703 903 1774 sua
924 1707 958 1774 ὅ(
977 1729 1038 1800 pro
1060 1727 1181 1800 campo
1206 1704 1263 1799 qui
1286 1701 1335 1774 est

240 1822 335 1919 supra
348 1821 537 1920 virgultum.

289 1934 475 2034 Rostagnus
489 1935 585 2008 Saver
604 1939 639 2007 ὅ(
654 1934 711 2005 filii
726 1943 796 2029 ejus
812 1932 854 2004 de
874 1930 1023 2031 quodam
1043 1957 1138 2030 prato
1156 1930 1334 2003 duodecim

242 2053 407 2142 denarios,
423 2052 464 2124 de
486 2051 590 2124 domo
611 2052 667 2122 sua
679 2056 714 2123 ὅ(
727 2050 768 2121 de
786 2049 888 2121 herba
904 2075 1006 2147 quam
1024 2051 1192 2147 accipiunt
1210 2050 1245 2119 in
1264 2048 1335 2120 sali-

241 2192 316 2239 ceto
337 2165 516 2238 duodecim
535 2164 706 2254 denarios,
726 2163 767 2235 de
785 2162 934 2262 quodam
951 2163 1067 2235 curtilo
1084 2161 1210 2258 septem
1227 2159 1331 2233 dena·

239 2286 305 2354 rios
322 2286 357 2353 &
377 2280 533 2368 obolum,
553 2278 645 2352 &de
663 2280 728 2351 alio
746 2304 824 2352 octo
842 2279 992 2351 denarios
1010 2276 1211 2351 &obolum

294 2422 347 2467 11.
368 2395 449 2468 Odo
469 2394 611 2466 Badinus
628 2399 663 2466 &
680 2393 792 2466 fratres
809 2401 879 2488 ejus
898 2392 938 2464 de
957 2389 1106 2489 quodam
1124 2391 1241 2465 curtilo
1254 2415 1333 2464 octo

241 2511 392 2584 denarios
409 2515 444 2583 ὅ(
461 2510 612 2583 obolum.

290 2627 449 2698 Martinus
463 2623 504 2695 de
522 2624 653 2695 saliceto
671 2629 705 2696 ὅ(
722 2623 834 2694 fratres
851 2629 920 2715 ejus
941 2621 983 2692 de
1007 2619 1156 2717 quodam
1168 2621 1284 2693 curtilo
1300 2624 1334 2692 in

241 2772 309 2843 quo
323 2742 369 2815 est
386 2769 452 2814 una
464 2745 604 2841 grangia
617 2740 795 2812 duodecim
807 2740 961 2812 denarios
977 2743 1011 2811 δ(
1028 2766 1133 2810 unum
1150 2765 1329 2837 caponem,

240 2864 275 2931 ἃ
288 2858 330 2929 de
342 2858 412 2929 aliis
433 2856 563 2928 duobus
575 2882 653 2928 octo
666 2856 832 2948 denarios,
848 2854 937 2927 &de
951 2855 1096 2954 quadam
1114 2858 1211 2929 vinea
1228 2883 1333 2929 unum

239 2974 383 3063 caseum,
403 2980 437 3045 ὅ(
453 2973 553 3044 aliam
569 2997 661 3043 tenet
679 2971 723 3043 ad
739 2971 964 3045 medietatem.

289 3088 451 3161 Geraldus
472 3089 613 3185 Upertus
626 3093 660 3159 dt
675 3090 783 3159 Petrus
801 3111 965 3187 cognatus
985 3096 1055 3182 ejus
1075 3086 1254 3158 duodecim
1272 3087 1332 3158 de-

241 3208 347 3276 narios
363 3210 397 3276 &
410 3230 516 3275 unum
529 3228 695 3301 caponem
708 3201 749 3274 de
762 3201 910 3299 quodam
927 3201 1045 3274 cortilo
1048 3257 1059 3290 ‚
1072 3201 1156 3275 &de
1169 3202 1234 3273 aiio
1252 3226 1331 3273 octo

240 3320 405 3408 denarios,
426 3317 517 3391 &de
535 3317 680 3415 quadam
695 3322 792 3392 vinea
809 3344 914 3389 unum
933 3318 1075 3390 caseum.

289 3436 452 3510 Geraldus
473 3437 616 3511 Urserius
629 3442 664 3509 ἃ
681 3438 826 3508 Joannes
847 3435 991 3510 Urserius
1011 3434 1052 3506 de
1073 3434 1219 3533 quadam
1235 3437 1332 3508 vinea

241 3579 304 3625 tres
317 3554 439 3625 caseos.

285 3669 395 3741 Adam
411 3668 452 3740 de
469 3667 615 3765 quadam
626 3670 724 3740 vinea
736 3666 821 3739 duos
833 3668 958 3755 caseos,
975 3671 1010 3738 &
1023 3689 1165 3764 quatuor
1176 3663 1329 3737 denarios

238 3785 279 3856 de
300 3783 445 3882 quadam
467 3786 606 3883 grangia
623 3809 724 3879 quam
741 3781 843 3854 habet
859 3785 893 3852 in
909 3782 1024 3854 manso
1043 3779 1172 3854 Giroldi
1195 3782 1327 3880 Engela.

292 3921 345 3969 12.
373 3899 409 3969 Et
431 3902 466 3969 in
491 3897 609 3970 eadem
631 3897 707 3970 villa
728 3896 892 3968 habemus·
908 3896 1009 3966 alium
1026 3895 1176 3967 mansum
1195 3898 1252 3992 qui
1272 3896 1332 3967 fuit

238 4014 368 4087 Giroldi
381 4015 515 4113 Engela‚
532 4019 566 4086 ὅ(
584 4013 625 4084 de
641 4011 695 4084 illo
713 4011 807 4084 datur
825 4013 889 4084 hoc
907 4011 1067 4084 servitium
1083 4038 1164 4108 :per
1180 4010 1332 4083 calendas

238 4157 379 4230 quatuor
399 4130 549 4204 membra
562 4130 603 4202 de
617 4156 713 4202 carne
725 4135 759 4203 ἃ
772 4153 913 4226 quatuor
933 4133 1084 4226 panes&
1099 4153 1160 4201 tres
1177 4127 1329 4200 denarios
