3144 5062
521 511 752 603 Castulate
775 509 829 601 de
853 513 1055 601 Domina.
1250 542 1330 629 245

242 751 329 825 stolis
340 755 474 826 Petro&
487 756 585 826 Paulo
597 758 631 825 &
647 756 821 826 monachis
833 752 957 825 ibidem
965 754 1265 843 commorantibus,
1273 780 1334 852 pro

242 869 342 941 salute
360 874 478 942 animae
491 872 567 962 suae,
584 869 777 942 teneduram
793 871 897 961 filioli,
913 870 1034 943 scilicet
1051 873 1225 968 grangiam
1240 873 1315 942 &
1286 898 1335 944 vi-

243 1012 362 1076 neam,
384 992 418 1058 &
441 984 620 1083 quamdam
644 986 854 1085 particulam
861 1011 951 1058 terrae
975 1012 1077 1082 quam
1100 988 1247 1085 Paganus
1263 988 1335 1057 Ma-

243 1100 335 1170 sellus
352 1044 486 1172 ienebat
501 1128 562 1198 pro
580 1099 728 1196 quodam
752 1099 866 1172 debito
883 1099 976 1197 quod
996 1127 1027 1171 er
1017 1098 1235 1171 debebatur
1265 1097 1334 1172 Post

243 1224 335 1309 cujus
361 1214 489 1289 obitum
513 1214 580 1288 duo
597 1217 654 1287 filii
671 1215 767 1315 ipsius
790 1219 911 1306 Pontii,
942 1219 1101 1315 Otgerius
1127 1215 1278 1289 videlicet
1301 1221 1335 1287 &
1415 1252 1419 1259 ·

243 1331 408 1420 Carinus,
431 1334 465 1402 in
490 1333 634 1429 capitulo
662 1357 775 1403 coram
804 1329 961 1429 praedicto
994 1328 1133 1403 domino
1165 1329 1335 1401 Guicardo

243 1445 348 1516 Priore
365 1449 399 1515 δε
416 1444 565 1516 fratribus
590 1443 735 1537 ejusdem
760 1445 843 1534 loci,
866 1445 1025 1543 Guigone
1055 1441 1181 1515 sacrista
1205 1447 1240 1513 ὅ(
1263 1445 1334 1514 Ste-

241 1558 356 1654 phano
372 1560 481 1633 Calvo
498 1586 577 1630 cum
589 1559 672 1649 aliis,
686 1558 915 1631 concefferunt
927 1583 1099 1656 perpetuo.

290 1674 358 1747 Ubi
381 1702 515 1772 quoque
540 1673 716 1747 adfuerunt
739 1674 912 1771 praesentes
938 1673 1139 1764 Golbertus,
1162 1676 1331 1773 Paganus,

243 1791 358 1888 Guigo
370 1789 553 1887 presbiteri,
569 1795 603 1861 ἃ
617 1793 816 1879 Torrencus,
831 1790 968 1887 &super
979 1791 1079 1862 altare
1093 1814 1207 1862 coram
1223 1792 1332 1862 omni-

242 1905 304 1979 bus
320 1907 513 2003 posuerunt,
526 1933 562 1978 ut
574 1907 627 1979 illa
645 1905 782 1979 donatio
793 1932 989 2004 perpetuum
1006 1906 1156 1980 obtineat
1168 1911 1329 2006 vigorem.

241 2190 1332 2241 ὢῶίῡ(ὲὢΜὣῶὢῶὣῶῶῶἀὣῶὢὣῷὢῷᾢῶὢῶὣ<ὶῶὢῶὣῶὢῶὣῶὢῶῶ

387 2453 468 2531 235.
493 2440 584 2507 Curta
604 2441 776 2529 Esmirlonis
792 2446 909 2533 nepotis
925 2443 1064 2508 otiandi
1075 2447 1182 2534 primi.

736 2599 843 2662 (ut.)

269 2942 275 2953 .
310 2894 469 2993 isse
482 2886 686 2962 OLUMUS
704 2888 767 2960 effe
784 2887 999 2960 memorabile
1019 2887 1112 2985 quod
1135 2887 1262 2960 Esmido
1276 2895 1331 2985 qui

315 3001 320 3064 l
348 3068 350 3071 ,
430 2981 542 3071 llfuit
568 3028 674 3099 nepos
706 3001 835 3073 domini
860 3002 997 3074 ninardi
1026 3001 1164 3075 donavit
1187 3002 1332 3075 ecclefiae

309 3135 367 3209 *gn
425 3145 457 3209 ⁶³}
483 3115 699 3188 Dominensr
693 3145 726 3189 m
739 3120 805 3192 vita
818 3118 873 3189 sua
886 3123 920 3190 &
931 3120 1104 3189 monachis
1115 3117 1239 3190 ibidem
1251 3146 1330 3190 con-

238 3205 452 3322 versantibus,
472 3235 620 3330 quinque
642 3230 814 3307 solidos&
832 3260 935 3304 unum
959 3233 1155 3329 quartallum
1173 3231 1214 3304 de
1234 3235 1331 3305 melle

238 3357 272 3424 in
296 3349 468 3448 parrochia
484 3349 614 3419 Villaris
635 3345 785 3419 Bonaldi.
808 3348 908 3419 Hanc
927 3346 1145 3420 donationem
1161 3348 1239 3420 fecit
1259 3348 1332 3446 post

238 3468 405 3540 decellum
418 3464 563 3558 ejusdem
577 3462 769 3554 Esmidonis,
785 3467 820 3536 in
834 3460 971 3536 claustro
984 3464 1075 3562 apud
1088 3467 1284 3553 Dominam,
1297 3469 1330 3536 in

237 3585 408 3684 praesentia
426 3580 554 3654 domini
575 3579 734 3652 Guicardi
747 3583 871 3671 Prioris,
888 3583 1198 3679 monachorumque
1213 3583 1278 3653 loci
1296 3584 1332 3653 il-

236 3704 309 3790 lius,
321 3705 355 3772 &
364 3701 543 3772 multorum
557 3699 699 3769 militum
711 3699 917 3795 aliorumque
929 3698 1105 3770 hominum
1112 3697 1178 3768 illic
1188 3692 1330 3769 assisten-

238 3821 331 3888 tium.
354 3818 432 3886 Duo
449 3814 560 3884 fratres
578 3813 671 3902 illius,
691 3810 882 3910 praeposrtus
904 3810 1057 3884 videlicet
1074 3810 1115 3883 de
1138 3813 1330 3884 Maurienna

237 3937 271 4001 δε
296 3928 469 4015 Arbertus,
497 3926 553 3999 sed
572 3932 607 3998 δε
628 3931 682 4020 (1)
705 3951 906 4000 memoratus
932 3926 1086 3998 dominus
1106 3925 1269 3999 Ainardus
1288 3927 1329 3999 de

274 4129 280 4182 ξ
288 4144 293 4172 ι
301 4143 308 4188 ,1
325 4127 365 4173 Alii
380 4126 459 4191 legunt
471 4143 476 4171 :
490 4120 598 4174 sicbertus
613 4119 697 4178 §oden
710 4141 755 4170 non
771 4125 841 4171 beve.
857 4125 917 4169 vids·
929 4126 1002 4171 otiam
1019 4125 1077 4171 inira
1088 4142 1092 4170 :
1100 4120 1146 4189 snl
1156 4123 1178 4172 lt
1190 4119 1269 4185 oddo,
1284 4133 1327 4171 ue.
