3144 5062
515 497 746 589 Castulare
769 497 822 588 de
844 501 1047 590 Domina.
1242 502 1318 624 263

199 835 200 839 Ἰ
240 741 276 809 rii
293 742 326 808 ἃ
345 738 498 810 Richardi
521 741 661 813 Viennae
682 740 766 813 duos
792 740 912 814 solidos
937 747 972 814 ὅ(
996 768 1097 814 unam
1119 743 1277 841 gallinam
1296 751 1330 817 ἃ

240 854 435 924 saumerium
448 881 563 925 unum.
581 858 712 927 Domus
723 855 864 927 filiorum
878 859 959 928 Petri
972 858 1126 955 Hotgerii
1139 882 1243 954 prope
1255 885 1332 930 mo-

242 966 416 1039 nasterium
432 967 516 1040 duos
534 968 684 1042 denarios
697 974 731 1042 δ(
745 996 849 1042 unum
867 970 1016 1043 obolum,
1040 973 1167 1042 Hortus
1187 970 1333 1043 Poldiadi

241 1080 417 1154 duodecim
450 1083 613 1157 denarios.
641 1084 786 1157 Feudum
810 1084 966 1158 Oddonis
989 1085 1153 1158 hortulani
1170 1085 1211 1157 de
1229 1088 1332 1158 Perre·

241 1209 307 1292 reja
324 1199 500 1272 duodecim
518 1200 718 1275 denarios&
735 1229 836 1275 unam
852 1203 1021 1302 gaiiinam.

289 1336 324 1411 9.
346 1316 540 1388 Notandum
552 1345 630 1391 vero
649 1316 741 1414 quod
755 1322 902 1415 quinque
920 1319 1106 1389 casamenta
1122 1317 1283 1390 habemus
1296 1323 1330 1390 in

241 1432 371 1530 Burgo:
395 1431 436 1502 de
454 1458 522 1504 uno
540 1432 618 1504 facit
638 1433 833 1504 Guillelmus
850 1430 1006 1504 Chatboz
1020 1458 1141 1505 novem
1159 1432 1329 1521 denarios3

241 1545 282 1617 de
308 1547 409 1619 altero
431 1549 594 1619 Oliverius
611 1548 652 1621 de
670 1549 803 1621 Reveilo
823 1549 876 1620 sex
898 1547 1072 1638 denarios;
1091 1548 1131 1621 de
1150 1550 1214 1622 alio
1234 1551 1331 1621 Guil-

239 1662 357 1732 lelmus
372 1663 497 1734 Bezons
514 1661 689 1734 duodecim
708 1661 881 1752 denarios3
904 1662 945 1734 de
966 1686 1083 1761 quarto
1101 1663 1215 1763 Guigo
1234 1665 1331 1736 Rosia

241 1801 319 1848 octo
332 1776 484 1849 denarios
496 1810 505 1866 3
520 1777 562 1848 de
575 1781 692 1874 quinto
710 1805 790 1849 uxor
806 1779 962 1875 Stephani
975 1775 1109 1870 Majesta
1119 1802 1259 1874 quatuor
1271 1777 1331 1849 de-

242 1895 362 1963 narios.
390 1893 505 1990 Guigo
527 1893 626 1964 Roffa
643 1919 702 1989 pro
720 1892 864 1990 quadam
887 1894 984 1965 vinea
1004 1891 1046 1963 de
1067 1895 1162 1967 Portu
1186 1895 1331 1990 quinque

241 2005 403 2079 denarios.
422 2010 529 2078 Petrus
547 2010 644 2079 Jahet
662 2007 745 2080 duos
767 2007 886 2080 solidos
907 2007 948 2079 de
965 2035 1006 2080 eo
1023 2007 1117 2105 quod
1129 2011 1262 2080 tenetin
1275 2035 1331 2081 eo

241 2121 319 2194 dem
338 2123 425 2195 loco.
446 2123 626 2196 Richardus
652 2126 774 2196 Manne
795 2127 829 2194 in
846 2122 966 2197 eodem
982 2125 1059 2196 loco
1079 2123 1255 2196 duodecim
1276 2124 1333 2196 de

241 2240 361 2308 narios.
383 2237 535 2309 Albertus
548 2238 589 2309 de
606 2238 750 2336 quadam
765 2237 921 2310 tenedura
934 2242 1081 2337 quinque
1094 2238 1229 2328 solidos,
1243 2239 1330 2312 &de

240 2351 388 2448 quodam
403 2379 497 2449 prato
515 2352 598 2426 duos
615 2354 735 2426 scilicet
751 2355 861 2425 caseos
879 2352 1020 2426 duorum
1036 2352 1224 2426 solidorum.
1238 2355 1332 2425 Guil-

239 2467 355 2538 lelmus
369 2468 489 2540 Ravers
501 2495 562 2565 pro
579 2495 700 2565 campo
718 2467 759 2540 de
776 2469 950 2540 Chanen'a
966 2493 1108 2566 quatuor
1119 2466 1248 2541 solidos.
1263 2469 1332 2540 Sto

241 2582 369 2677 phanus
392 2585 424 2653 P.
451 2583 575 2676 Mayno
598 2581 639 2654 de
660 2585 762 2655 vineis
785 2608 847 2654 tres
873 2581 992 2655 solidos
1019 2587 1054 2657 ἃ
1078 2608 1141 2654 tres
1165 2581 1326 2655 denarios.

243 2697 346 2794 Hugo
360 2696 466 2766 Mulez
477 2723 538 2792 pro
554 2720 649 2793 prato
662 2695 702 2768 de
720 2697 860 2768 Saliceto
874 2695 1051 2769 duodecim
1068 2696 1229 2769 denarios.

294 2835 347 2882 10.
368 2811 564 2882 Cuillelmus
580 2812 690 2882 Barrat
704 2816 739 2883 ἃ
754 2811 911 2883 Girardus
923 2814 1043 2884 Betons
1057 2837 1198 2909 quatuor
1212 2813 1330 2885 solidos

240 2931 275 2998 ἃ
291 2924 463 2997 dimidium
480 2952 540 3022 pro
559 2925 706 3023 quodam
719 2952 840 3023 campo
858 2931 893 2999 &
908 2930 1016 2999 vinea.
1041 2926 1131 2998 Uxor
1150 2930 1230 2999 Petri
1245 2928 1328 2998 Lan-

240 3044 304 3111 ceti
319 3067 380 3137 pro
399 3039 555 3111 tenedura
577 3042 700 3137 Campi
722 3038 870 3111 Rotundi
887 3039 971 3112 duos
988 3037 1107 3111 solidos
1124 3042 1159 3110 &
1175 3064 1253 3112 octo
1274 3039 1329 3111 de-

241 3159 359 3228 narios.
381 3157 494 3228 Girarz
510 3157 630 3228 Betons
644 3155 684 3227 de
704 3154 861 3227 tenedura
878 3156 1001 3252 Campi
1017 3152 1165 3226 Rotundi
1178 3179 1240 3226 tres
1257 3155 1329 3226 soli-

240 3271 312 3343 dos.
334 3272 450 3370 Guigo
471 3271 642 3369 Guasguet
664 3273 698 3341 in
723 3271 858 3366 Campo
877 3267 1036 3341 Rotundo
1058 3268 1142 3341 duos
1157 3268 1275 3341 solidos
1294 3275 1328 3341 ὅ(

239 3413 317 3460 octo
330 3386 489 3460 denarios.
505 3387 594 3459 Uxor
606 3388 745 3459 Thionis
759 3386 800 3458 de
809 3414 850 3458 eo
863 3385 955 3483 quod
969 3410 1059 3457 tenet
1070 3389 1104 3456 in
1118 3387 1252 3483 Campo
1262 3387 1330 3457 Ro

240 3505 345 3578 tundo
367 3504 529 3577 sexdecim
551 3503 712 3576 denarios.
736 3506 842 3575 Petrus
862 3501 903 3574 de
923 3503 1045 3573 Venun
1060 3505 1094 3572 in
1112 3501 1232 3574 eodem
1251 3502 1327 3574 loco

240 3620 323 3693 duos
340 3619 459 3692 solidos
476 3625 510 3692 ὅ(
529 3643 607 3691 octo
632 3617 793 3691 denarios.
818 3618 980 3714 Aspreilus
994 3615 1076 3688 duos
1088 3615 1208 3688 solidos
1220 3620 1253 3688 in
1267 3645 1327 3689 eo-

239 3735 315 3806 dem
332 3737 420 3807 loco.
435 3734 499 3805 filii
515 3736 596 3805 Petri
613 3735 766 3832 Hotgerii
783 3731 960 3804 duodecim
976 3730 1124 3802 denarios
1140 3735 1173 3802 in
1192 3733 1326 3830 Campo

239 3850 408 3923 Rotundo.
434 3850 618 3946 Stephanus
636 3847 812 3919 Raimundi
829 3845 1007 3918 duodecim
1024 3846 1174 3918 denarios
1191 3846 1232 3918 de
1250 3875 1328 3945 qua-

238 3967 315 4037 dam
330 3969 436 4038 vinea.
450 3966 483 4035 Li
493 3966 626 4036 Bretons
639 3963 756 4035 decem
767 3967 800 4033 ἃ
811 3987 889 4033 octo
903 3961 1053 4034 denarios
1066 3988 1126 4059 pro
1138 3963 1325 4035 casamento

237 4086 339 4157 vineae
360 4109 433 4178 quae
455 4080 500 4153 est
519 4085 553 4151 in
581 4082 688 4178 Burgo
711 4084 745 4152 ἃ
772 4078 812 4150 dc
842 4077 975 4151 dimidia
997 4077 1097 4150 costa.
1125 4079 1326 4153 Humbertus
