3144 5062
526 452 758 542 Cartulare
780 451 834 542 de
857 454 1060 542 Domina.
1258 483 1339 575 ¹97

247 697 603 795 Golbertuspresbiter3
618 696 780 769 Rodulfus
791 703 826 770 &
836 701 982 795 Paganus
998 697 1179 795 presbiteri3
1195 700 1340 770 Torren-

246 839 304 883 cus
321 813 413 884 miles
425 817 460 883 ὃ(
474 814 581 882 Petrus
595 813 698 883 Chais
715 811 756 883 de
774 813 970 883 Versatorio.

249 1065 1337 1116 &edededdedcdcddcrccsrecdeeeecnddcdcdcdeew

360 1400 439 1478 223.
460 1386 551 1452 Carra
567 1387 720 1476 Guigonis
733 1388 803 1476 Egra
817 1387 985 1451 decinrnrin
998 1387 1034 1449 de
1046 1383 1238 1474 Uersnrorio.

321 1662 400 1767 Ἶζῖ
426 1641 584 1712 ΕΙΑΝΤ
607 1644 718 1712 cuncti
739 1630 959 1737 praesentes&
976 1640 1074 1711 futuri
1089 1639 1181 1736 quod
1201 1640 1336 1737 quidam

352 1760 382 1789 s
425 1756 516 1827 miles
538 1759 594 1852 qui
611 1779 746 1827 vocatur
762 1756 878 1854 Cuigo
897 1756 962 1853 iga
978 1756 1189 1827 calumniavit
1209 1759 1337 1827 tertiam

300 1901 405 1963 g
424 1896 551 1969 partem
573 1868 757 1941 decimariae
781 1896 881 1965 quani
904 1871 996 1958 olim,
1025 1893 1062 1940 ut
1089 1869 1234 1960 dicebat,
1254 1871 1337 1942 Boso

244 1991 408 2061 Galterius
424 1993 460 2060 &
477 1986 638 2058 Rodulfus
654 1986 750 2056 frater
767 1993 835 2077 ejus
849 2009 1024 2056 tenuerunt
1040 1985 1262 2083 aparentibus
1274 1987 1336 2057 suis

243 2111 278 2178 &
296 2105 338 2177 ab
356 2132 397 2176 eo
413 2101 486 2200 post
502 2128 559 2173 eos
576 2098 776 2172 haereditaria
794 2097 992 2171 successione
1015 2127 1088 2170 eam
1107 2125 1216 2171 tenere
1237 2099 1337 2172 debe-

242 2243 292 2291 ret
312 2221 346 2289 in
363 2216 534 2315 parrochia
558 2215 658 2286 sancti
680 2214 842 2285 Laurentii„
867 2240 940 2310 quae
966 2213 1081 2285 dicitur
1100 2215 1333 2286 Versatorium.

244 2336 344 2406 Hanc
361 2336 458 2432 igitur
475 2331 675 2403 calumniam
687 2328 1020 2425 pacificaverunttam
1037 2332 1133 2400 amici
1144 2328 1240 2426 ipsius
1253 2332 1337 2401 Gui-

242 2453 339 2550 gonis
355 2477 455 2546 quarn
475 2445 584 2535 nostri,
604 2445 754 2519 videlicet
768 2446 864 2518 fulco
878 2449 1071 2537 canonicus,
1087 2446 1263 2520 Umbertus
1279 2451 1336 2520 Be-

242 2563 403 2652 nedictus,
431 2562 628 2634 Nantelmus
654 2559 834 2649 Eaizardus,
855 2559 1033 2631 Colbertus
1049 2565 1084 2632 ὅ(
1102 2562 1218 2661 Drogo
1236 2586 1335 2659 atque

242 2684 390 2780 Paganus
407 2678 588 2777 presbiteri.
607 2675 833 2747 Laudaverunt
850 2702 993 2773 namque
1001 2685 1069 2770 jam
1082 2677 1172 2750 dicto
1184 2680 1335 2779 Guigoni

242 2819 278 2864 ut
290 2819 395 2865 totam
412 2794 499 2864 hanc
511 2790 722 2863 decimariam
739 2789 860 2862 devote
877 2796 912 2863 δι
928 2791 1062 2862 firmiter
1078 2796 1113 2863 δι
1130 2792 1253 2889 absque
1271 2796 1335 2866 ulla

240 2906 447 3005 requisitione
472 2906 565 2978 daret
586 2931 685 3002 atque
709 2908 865 3004 guirpiret
893 2908 1043 2978 Domino
1074 2909 1149 2979 Deo
1173 2912 1207 2980 &
1232 2908 1334 2980 beatis

240 3020 392 3119 apostolis
413 3025 504 3093 Petro
528 3024 563 3091 δι
582 3021 679 3091 Paulo
701 3023 735 3089 ὅ(
756 3019 928 3091 monachis
949 3023 1060 3116 quiin
1077 3020 1275 3093 monasterio
1292 3022 1333 3093 de

241 3140 387 3210 Domina
401 3139 476 3207 Deo
496 3137 648 3224 serviunt,
669 3134 725 3205 tali
738 3133 841 3206 modo
855 3159 891 3204 ut
907 3161 969 3205 nec
982 3135 1049 3232 ipse
1068 3161 1130 3206 nec
1144 3136 1246 3208 haeres
1261 3138 1334 3207 suus

241 3253 396 3351 deinceps
407 3254 442 3323 in
460 3278 499 3323 ea
511 3249 636 3346 aliquid
642 3253 832 3346 requireret3
847 3249 982 3346 quod&
995 3241 1073 3322 fecit
1085 3251 1266 3323 secundum
1279 3257 1332 3323 in-

240 3371 423 3439 tentionem
433 3359 564 3454 eorumj
573 3364 664 3437 sicuti
673 3367 790 3437 melius
801 3363 980 3437 discernere
990 3367 1055 3437 hoc
1067 3364 1125 3463 ipsi
1139 3392 1328 3462 potuerunt.

239 3482 371 3556 Deinde
391 3481 564 3555 consilium
580 3480 742 3560 dederunt
761 3480 900 3553 domino
921 3480 1061 3553 nrberto
1079 3485 1174 3554 Priori
1196 3486 1254 3579 qui
1275 3485 1333 3557 illo

240 3625 388 3696 tempore
405 3601 439 3669 in
453 3600 517 3669 hoc
534 3596 732 3670 monasterio
748 3597 920 3686 manebat,
936 3622 973 3669 ut
985 3624 1168 3671 memorato
1181 3600 1332 3700 Guigoni

238 3714 427 3813 quindecim
445 3712 565 3786 solidos
582 3712 687 3804 daret,
702 3741 741 3784 ea
757 3717 882 3785 ratione
897 3738 932 3783 ut
944 3714 1009 3785 hoc
1020 3713 1147 3785 donum
1157 3715 1331 3788 firmum&

237 3830 349 3904 stabile
369 3836 403 3903 in
420 3856 616 3929 perpetuum
642 3855 859 3927 permaneret.
886 3831 1005 3900 lterum
1030 3828 1118 3901 idem
1138 3829 1198 3929 ipsi
1220 3833 1330 3929 supra-

238 3946 315 4018 dicti
326 3930 383 4019 viri
400 3950 457 4042 qui
469 3948 533 4019 hoc
547 3948 704 4043 placitum
718 3945 876 4036 fecerant,
895 3945 1052 4037 jusserunt
1070 3946 1198 4018 utillud
1214 3947 1331 4021 scribe-

240 4091 359 4134 scmus.
