3144 5062
395 462 402 477 ’
450 465 682 557 Castulare
704 464 758 556 de
781 469 983 557 Domina.
1182 500 1258 590 ¹45

171 710 300 782 Arberti
311 713 434 798 Prioris,
445 711 609 808 praedictae
618 718 725 784 Annae
733 713 789 783 filii
798 713 918 784 scilicet
930 715 1035 812 Hugo
1043 714 1262 787 &Umbertus

171 827 326 897 facientes
343 825 439 898 nobis
454 825 569 919 injuste
586 830 736 920 injuriam
753 830 786 897 in
806 829 909 926 ipsam
926 828 1136 901 decimariam
1149 834 1184 901 δι
1196 831 1260 902 hoc

172 967 286 1014 contra
302 943 505 1014 voluntatem
522 944 645 1031 matris,
667 941 855 1014 testificante
880 944 947 1041 ipsa
963 947 1009 1015 ita
1028 946 1091 1015 effe
1109 942 1190 1016 ficut
1207 948 1260 1016 su-

171 1054 354 1152 pradictum
367 1053 425 1144 est,
443 1054 576 1129 tandem
589 1081 651 1127 nos
668 1059 776 1127 coacti
791 1060 997 1152 pervenimus
1013 1061 1047 1128 in
1063 1057 1202 1131 Tedesro
1219 1060 1261 1131 ad

170 1173 327 1268 placitum
343 1177 377 1244 in
402 1173 568 1269 praesentia
584 1172 718 1244 Ainardi
738 1176 886 1269 patris&
908 1174 976 1263 filii,
1000 1180 1034 1246 δι
1050 1174 1200 1247 dedimus
1216 1182 1261 1249 eis

171 1291 301 1387 triginta
325 1287 443 1360 solidos
463 1286 646 1361 viennensrs
668 1313 833 1377 monetae,
866 1289 921 1359 taii
940 1292 1162 1362 conventione
1185 1291 1260 1364 utsr

170 1408 240 1501 quis
249 1406 419 1475 Seniorum
427 1405 479 1475 vel
487 1404 627 1475 filiorum
637 1402 771 1474 Ainardi
784 1404 908 1491 Blanci,
921 1403 972 1477 vel
984 1407 1083 1475 etiam
1091 1401 1150 1503 ipsr
1162 1404 1260 1478 nobis

168 1520 292 1617 aliquid
311 1521 435 1592 maium
452 1519 600 1608 fecerint,
620 1518 677 1616 ipsr
699 1518 796 1590 nobis
814 1544 921 1591 totum
946 1519 1126 1592 emendent
1151 1519 1259 1595 donec

168 1662 285 1707 omnes
301 1634 424 1706 denarii
437 1633 660 1722 redderentur,
673 1660 757 1729 quos
770 1633 931 1706 Ainardus
940 1638 974 1705 δε
988 1639 1086 1705 Anna
1098 1639 1133 1707 δι
1145 1634 1202 1707 filii
1214 1637 1261 1707 sui

128 1810 131 1817 .
169 1777 188 1821 a
208 1751 378 1822 monachis
400 1774 608 1847 acceperunt.
635 1749 670 1818 Et
691 1746 731 1820 de
757 1749 821 1820 hoc
847 1749 920 1820 sunt
935 1748 1133 1842 fidejuffores
1151 1748 1260 1823 Eusta-

168 1867 274 1955 chius,
292 1865 455 1937 Ainardus
467 1866 618 1954 Vetulus,
632 1867 801 1964 Ungrinus
818 1867 972 1937 &Petrus
988 1865 1191 1938 Guitfredus.

110 1984 112 1989 ’
215 1979 327 2053 Testes
342 1981 440 2073 hujus
456 1982 566 2077 placiti
584 1981 657 2052 sunt
678 1982 795 2078 Drogo
812 1979 1020 2076 presbiter&
1038 1982 1134 2053 fulco
1159 2008 1260 2054 canu

168 2103 272 2188 nicus,
293 2103 329 2171 ἃ
345 2096 522 2171 Umbertus
539 2096 744 2168 Benedictus.

215 2214 439 2288 Laudaverunt
458 2237 557 2310 atque
583 2212 779 2284 definierunt
794 2212 968 2309 supradicti
991 2212 1202 2305 fidejuffores,
1223 2240 1259 2285 ut

164 2330 352 2405 scriberetur
366 2329 458 2428 quod
474 2328 497 2400 st
514 2332 722 2428 contingeret
743 2355 778 2400 ut
798 2329 868 2402 haec
882 2328 1057 2401 decimaria
1072 2329 1259 2402 redderetur

165 2445 272 2543 (quod
290 2471 500 2541 nequaquam
510 2441 630 2536 justum
643 2441 702 2532 est,
713 2447 791 2539 quia
802 2443 964 2536 Ainardus
973 2442 1015 2514 ad
1023 2442 1152 2516 obitum
1164 2446 1256 2516 suum

165 2585 242 2630 cum
253 2557 466 2630 laudamento
478 2558 618 2629 Senioris
630 2557 676 2627 sui
685 2555 830 2646 Rodum,
842 2555 1024 2654 ficutsupra
1034 2557 1254 2655 scriptumest,

164 2674 400 2748 habitatoribus
409 2676 503 2768 hujus
511 2673 629 2745 domus
641 2672 804 2765 donavit),
815 2673 870 2743 filii
881 2671 1025 2746 dominae
1034 2679 1142 2746 Annae
1151 2676 1256 2773 Hugo

162 2799 197 2865 &
213 2793 390 2868 Umbertus
406 2817 578 2890 propterea
599 2791 695 2863 nobis
720 2789 894 2863 redderent
916 2816 984 2862 tam
1003 2790 1061 2888 ipsi
1081 2817 1183 2888 quam
1199 2791 1255 2863 filii

163 2907 298 2979 Ainardi
314 2907 477 2980 ducentos
490 2905 609 2978 solidos
626 2932 711 3002 quos
724 2905 819 3002 supra
834 2909 1100 2978 memoravimus.
1121 2905 1200 2976 Ideo
1221 2930 1256 2975 ut

162 3023 203 3095 de
211 3024 276 3096 hoc
290 3023 351 3096 fint
360 3024 458 3096 nobis
471 3024 567 3094 amici
577 3021 668 3095 bona
680 3020 860 3094 concordia
876 3048 937 3094 nos
950 3025 994 3093 eis
1012 3020 1129 3093 decem
1137 3018 1254 3092 solidos

164 3138 292 3212 damus.
