3144 5062
536 488 768 580 Cartulare
789 487 843 579 de
864 492 1065 579 Domina.
1259 522 1344 615 259

257 740 399 808 vineam.
419 736 495 807 Hoc
511 734 639 805 donum
658 733 802 806 laudavit
818 736 934 833 Guigo
946 734 1072 806 Alvisus
1092 733 1188 804 frater
1208 742 1292 827 ejus,
1310 740 1344 807 ὅ(

257 850 347 922 dedit
362 851 456 947 super
472 851 570 920 altare
588 847 654 920 srne
668 849 732 919 ulla
749 851 945 922 retentione.

307 964 418 1037 Testes
439 967 514 1036 sunt
532 966 597 1062 ipse
617 967 703 1036 Prior
719 969 753 1037 ὅ(
769 965 884 1064 Guigo
900 962 1043 1053 sacrista,
1063 964 1248 1062 Stephanus
1265 965 1343 1036 Cal-

255 1112 313 1157 vus
334 1088 368 1156 &
385 1086 533 1181 Paganus
556 1079 731 1180 presbiter,
758 1084 905 1180 Paganus
933 1081 1080 1178 Masellus
1103 1084 1138 1152 ὅ(
1162 1081 1343 1153 Bernardus

254 1198 438 1287 Girbertus‚
461 1203 495 1269 ὅ(
516 1199 624 1269 Petrus
645 1198 824 1269 Pellicerius
841 1194 1036 1269 ministralis.
1139 1218 1141 1222 ‘

304 1336 336 1385 2.
366 1316 468 1386 Carta
484 1314 526 1385 de
541 1338 636 1412 prato
660 1312 752 1412 quod
771 1312 861 1384 dedit
884 1313 1000 1412 Guigo
1021 1314 1146 1386 Alvisus
1166 1341 1225 1411 pro
1243 1342 1341 1387 uxore

253 1433 309 1504 sua
327 1438 441 1532 Agnes
458 1436 492 1502 in
510 1433 624 1503 Monte
640 1435 815 1526 Aymonis.

301 1547 448 1642 Qando
476 1548 545 1618 haec
570 1546 706 1618 domina
726 1546 787 1617 fuit
801 1570 949 1636 mortua,
970 1546 1094 1643 sepulta
1111 1546 1159 1618 est
1182 1550 1216 1619 in
1234 1548 1341 1620 clauso

251 1674 341 1759 juxta
363 1664 528 1737 basilicam
544 1666 646 1735 sancti
662 1667 766 1754 Petri3
784 1692 844 1762 pro
862 1666 1022 1763 sepultura
1039 1673 1110 1758 ejus
1122 1664 1340 1766 dedirGuigo

251 1782 376 1854 Alvisus
387 1785 420 1851 ἃ
431 1781 606 1851 Canterius
619 1778 812 1852 Cancardus
824 1779 921 1851 frater
927 1788 997 1872 ejus
1010 1779 1182 1877 quoddam
1193 1806 1336 1878 pratum,

251 1900 286 1968 &
304 1896 387 1967 duos
404 1922 559 1966 nummos
580 1895 736 1966 anriuales
751 1897 785 1965 in
804 1896 919 1966 Monte
938 1896 1115 1988 Aymonis‚
1130 1894 1338 1967 laudantibus

250 2009 321 2080 filiis
339 2010 400 2080 suis
423 2011 537 2080 Pontio
549 2009 659 2080 inviso
675 2014 709 2081 ὅ(
727 2009 875 2107 Hugone
894 2008 1016 2080 Alviso.

297 2123 408 2195 Postea
420 2121 475 2194 iste
487 2124 603 2222 Guigo
618 2123 744 2195 Alvisus
762 2122 903 2195 reddidit
919 2123 1023 2194 filiurn
1039 2123 1133 2194 suum
1147 2127 1337 2224 'Hugonem

249 2239 392 2312 Alvisum
421 2241 495 2309 Deo
516 2243 550 2310 ὅ(
568 2237 672 2311 beatae
696 2239 806 2311 Mariae
830 2243 864 2310 ὅ(
886 2236 990 2310 beatis
1011 2237 1164 2337 apostolis
1187 2242 1278 2313 Petro
1302 2246 1336 2313 ὅ(

248 2355 345 2426 Paulo
359 2354 402 2425 ad
417 2353 648 2426 monasterium
662 2354 702 2426 de
723 2357 883 2443 Domina,
897 2379 934 2426 ut
944 2352 990 2425 ibi
1003 2355 1288 2442 effetmonachus‚
1301 2364 1336 2431 dt

248 2467 339 2540 dedit
360 2495 419 2565 pro
440 2496 482 2540 eo
503 2495 604 2539 unam
628 2471 759 2541 vineam
784 2493 858 2565 quae
879 2466 926 2539 est
950 2464 1054 2564 posrta
1077 2477 1167 2562 juxta
1190 2470 1334 2541 clausum

245 2581 402 2673 nostrum,
415 2588 449 2655 ὅ(
463 2582 641 2681 quamdam
659 2582 853 2682 particulam
876 2608 967 2654 terrae
989 2609 1090 2678 quam
1107 2583 1253 2657 habebat
1269 2587 1333 2658 ala

245 2700 361 2770 Monta
375 2709 466 2791 juxta
481 2701 631 2770 mansum
649 2697 811 2786 nostrum,
829 2698 871 2769 de
884 2725 951 2795 qua
963 2724 1045 2770 terra
1057 2699 1209 2796 quaedam
1224 2700 1331 2775 nostra

245 2815 431 2886 muliercula
456 2841 545 2886 nunc
572 2813 679 2885 reddit
701 2838 762 2885 tres
790 2816 916 2885 eminas
945 2814 1071 2910 pulchri
1095 2814 1270 2906 frumenti,
1296 2823 1330 2889 dt

244 2956 345 3003 unam
361 2931 517 3029 gallinam
531 2935 564 3000 in
581 2927 853 3028 Qadragesrma.
871 2931 949 3001 Hoc
969 2928 1030 3000 fuit
1046 2928 1170 3001 factum
1185 2957 1331 3030 tempore

243 3045 370 3117 domini
388 3048 467 3117 Petri
484 3044 525 3115 de
543 3045 681 3116 Glecins
703 3046 814 3116 Prioris
832 3043 873 3114 de
892 3046 1050 3116 Domina.

292 3163 324 3231 S.
352 3164 431 3232 Petri
457 3159 601 3248 sacriste,
617 3164 651 3231 ὅ(
670 3162 840 3258 Hugonis,
859 3163 893 3231 ὅ(
910 3157 1063 3230 Bernardi
1078 3159 1181 3231 fratris
1198 3169 1279 3254 ejus,
1296 3168 1330 3234 ἃ

242 3301 434 3348 caeterorum
450 3277 706 3362 monachorum,
722 3276 905 3346 &loannis
926 3273 1100 3369 capellani,
1117 3279 1150 3345 ἃ
1163 3275 1329 3348 Vuillehni

241 3390 402 3487 capellani
423 3388 463 3459 de
481 3387 625 3475 castell0‚
645 3392 679 3460 &
697 3388 806 3459 Pateli.

291 3525 323 3605 3.
349 3506 427 3576 Non
446 3503 518 3601 post
534 3505 675 3575 multum
692 3530 769 3575 vero
788 3505 956 3600 temporis,
976 3503 1056 3573 alius
1073 3502 1155 3574 filius
1178 3503 1330 3578 videlicet

242 3625 372 3694 Pontius
390 3621 514 3693 Alvisus
532 3620 706 3692 defunctus
723 3617 782 3710 est,
802 3646 863 3717 pro
879 3619 1040 3716 sepultura
1064 3629 1158 3715 cujus
1186 3620 1328 3697 dedit&

239 3738 304 3834 ipse
319 3739 433 3836 Guigo
448 3762 550 3808 unum
567 3762 724 3832 campum
743 3739 798 3833 qui
819 3734 866 3806 est
882 3733 956 3806 snus
971 3732 1030 3805 sub
1048 3738 1210 3834 fingeris,
1226 3767 1327 3836 quem

239 3853 440 3947 recuperavit
467 3849 620 3921 dominus
648 3849 807 3922 Rodulfus
830 3848 870 3920 de
896 3849 1091 3938 fulciniaco,
1105 3854 1182 3947 quia
1198 3855 1327 3926 amilius

239 3965 341 4035 fuerat
357 3991 418 4062 pro
436 3966 540 4036 multo
557 3965 693 4054 fenore;
716 3965 758 4036 ad
777 3968 927 4036 ultimum
943 3993 1020 4038 vero
1038 3969 1243 4066 cognoscens
1260 3973 1325 4067 ipse

237 4106 377 4152 mortem
398 4081 461 4153 esse
479 4085 633 4172 vicinam,
657 4083 919 4154 &reminiscens
943 4107 1155 4179 peccatorum
1181 4086 1322 4178 suorum,
