3144 5062
444 458 676 557 Carmlare
700 458 753 550 de
774 464 976 552 Domina.
1238 498 1254 586 5

164 708 227 779 suit
238 708 376 803 qualiter
388 706 506 778 mundi
513 707 594 778 illud
606 705 761 778 scandere
768 709 945 779 valeamus.
971 740 987 769 «
1001 710 1120 797 Facite,
1136 713 1256 807 inquit,

168 854 187 886 α
213 820 448 894 eleemosinam
465 825 500 893 &
517 846 596 892 ecce
622 823 737 892 omnia
758 820 884 892 munda
902 822 975 892 sunt
991 822 1096 894 vobis.
1118 855 1136 888 n
1163 824 1258 920 Qa-

162 960 297 1034 propter
309 962 375 1034 ego
388 933 552 1006 Ainardus
569 937 603 1005 in
618 936 739 1006 ultimis
755 938 830 1006 vitae
847 961 930 1007 meae
948 936 1164 1033 temporibus,
1183 966 1261 1036 pec-

161 1075 313 1122 catorum
329 1077 480 1122 meorum
492 1049 701 1121 multitudine
716 1048 810 1122 valde
826 1076 1060 1147 compunctus,
1074 1051 1171 1151 ipsius
1185 1058 1258 1126 Do-

160 1170 245 1238 mini
261 1165 396 1239 obedire
414 1170 550 1264 cupiens
562 1163 756 1259 juffionibus
770 1164 811 1237 de
832 1163 906 1263 ipsrs
925 1165 1022 1238 bonis
1035 1168 1167 1264 quibus,
1188 1173 1260 1242 Do-

161 1285 256 1353 mino
272 1282 446 1381 largiente,
472 1284 506 1352 in
518 1283 587 1352 vita
602 1306 678 1352 mea
691 1280 804 1351 fruitus
822 1281 909 1369 sum,
931 1280 1024 1354 dono
1044 1284 1169 1381 aliquid
1185 1314 1257 1358 om-

162 1401 329 1496 nipotenti
354 1400 443 1487 Deo,
469 1425 530 1470 nec
555 1425 623 1469 non
644 1401 678 1469 δι
699 1399 817 1469 sanctis
840 1397 996 1496 apostolis
1019 1408 1088 1492 ejus
1109 1405 1200 1475 Petro
1222 1409 1256 1476 ὅ(

160 1516 276 1606 Paulo,
295 1514 358 1587 sive
373 1516 549 1587 monachis
560 1513 836 1587 Cluniacenstbus
846 1515 985 1613 praefatis
997 1515 1151 1613 apostolis
1166 1520 1257 1617 apud

159 1630 396 1706 monasterium
403 1632 445 1704 de
455 1632 859 1724 Dominafamulantibus‚
867 1660 1004 1705 omnem
1014 1634 1135 1706 scilicet
1145 1663 1255 1708 rneam

158 1775 288 1848 partem
311 1748 533 1838 ecclesiarum,
559 1778 632 1848 quae
658 1755 691 1822 in
710 1750 810 1823 alodo
837 1749 930 1822 castri
946 1751 1091 1843 ejusdem
1117 1751 1159 1824 de
1181 1757 1255 1825 Do-

158 1867 253 1936 mina
273 1863 338 1938 sttae
359 1865 445 1935 sunt.
472 1867 566 1936 Facio
587 1891 698 1936 autem
717 1866 781 1937 hoc
800 1865 927 1937 donum
946 1893 1006 1963 pro
1025 1866 1254 1966 redemptione

158 1983 311 2052 omnium
329 1980 525 2052 delictorum
543 2007 711 2070 meorum,
732 1986 766 2052 ἃ
784 1984 904 2053 animae
923 2008 1005 2053 meae
1023 1983 1135 2074 salute,
1156 2010 1255 2083 atque

157 2098 258 2193 patris
275 2099 341 2167 mei
359 2099 393 2168 &
410 2098 540 2186 matris,
561 2099 780 2193 omniumque
800 2100 1067 2193 propinquorum
1087 2126 1249 2173 meorum.

157 2212 231 2283 Sint
243 2236 355 2283 autem
375 2212 471 2304 hujus
491 2208 697 2283 eleemosrnae
717 2214 891 2309 participes
912 2213 1091 2309 specialiter
1112 2213 1167 2286 lilii
1188 2221 1254 2290 mei

156 2354 292 2418 omnes3
316 2331 447 2401 Pontius
467 2328 620 2401 videlicet
643 2334 677 2400 ἃ
691 2328 888 2423 Amardus,
913 2329 1074 2402 Rodulfus
1091 2334 1125 2403 ὅ(
1146 2334 1253 2406 Petrus

155 2469 259 2539 atque
273 2471 354 2516 uxor
366 2470 441 2515 mea
455 2443 656 2532 Adhela'r'da,
672 2447 729 2540 qui
743 2471 860 2515 omnes
872 2447 1061 2542 exemplum
1074 2472 1186 2519 meum
1205 2452 1252 2522 se-

154 2557 372 2631 cutifideliter
388 2560 452 2631 hoc
466 2558 832 2649 donumlaudaverunt‚
843 2563 876 2630 ὃ(
886 2563 1023 2657 propriis
1033 2563 1185 2635 manibus
1198 2566 1252 2636 fir-

153 2696 339 2743 maverunt.

206 2788 238 2858 S.
260 2787 406 2880 Aynardi
426 2790 483 2885 qui
500 2788 586 2859 hanc
612 2812 735 2859 cartam
757 2789 824 2860 fieri
844 2789 941 2883 jusfit.
967 2792 999 2862 S.
1021 2793 1161 2867 filiorum
1182 2805 1253 2890 ejus

157 2902 307 2996 Aynardi
318 2905 387 2995 (1),
403 2905 528 2990 Pontii,
546 2901 680 2974 Rodulfi
691 2961 699 2991 ,
712 2905 810 2991 Petri,
828 2906 1001 3002 matrisque
1015 2908 1161 3000 ejusdem
1171 2914 1250 2984 Petri

153 3014 365 3106 Adhela‘idae‚
385 3021 443 3114 qui
463 3045 579 3091 omnes
593 3022 790 3091 unanimiter
806 3020 1032 3094 laudaverunt.
1053 3022 1165 3097 Testes
1178 3027 1251 3099 sunt

152 3134 275 3204 milites
284 3132 461 3224 Geraldus‚
478 3133 573 3205 frater
585 3141 655 3226 ejus
671 3133 857 3228 Aynardus‚
870 3137 1068 3226 Torrencus‚
1086 3141 1220 3213 Alvisus.

205 3248 354 3321 Similiter
375 3248 510 3321 domina
532 3251 707 3322 Vuillelrna
725 3254 758 3321 ὅ(
780 3250 864 3324 filius
884 3262 954 3346 ejus
967 3254 1161 3328 Vuillelmus
1175 3284 1249 3356 par-

153 3393 224 3438 tem
237 3366 326 3437 suam
339 3365 380 3438 de
394 3364 516 3438 eisdem
528 3365 669 3439 eeclesiis
682 3367 803 3440 eodem
816 3368 919 3442 modo
933 3396 1002 3466 quo
1015 3370 1169 3445 dominus
1178 3380 1242 3468 ny-

152 3478 289 3572 nardus,
305 3479 465 3552 dederunt
487 3484 561 3553 Deo
582 3485 616 3552 ὅ(
636 3483 799 3580 praedictis
813 3483 967 3582 apostolis
988 3512 1087 3583 atque
1108 3490 1249 3586 praefatis

150 3595 326 3667 monachis
346 3620 406 3692 pro
427 3596 612 3666 animarum
633 3596 761 3667 suarum
781 3597 1023 3695 redemptione,
1048 3626 1110 3674 nee
1131 3630 1200 3676 non
1214 3612 1248 3677 ὅ(

150 3712 321 3811 Cuigonis
335 3707 431 3808 ipsius
444 3711 611 3783 Vuillelmi
620 3712 740 3810 patris,
760 3740 1023 3815 cunctorumque
1045 3745 1159 3791 eorum
1172 3746 1248 3819 pro-

149 3828 365 3926 pinquorum.
380 3825 672 3899 Dederuntautem
685 3855 724 3899 ex
737 3831 867 3928 integro
877 3835 1074 3929 omniaque:
1088 3835 1129 3907 ad
1143 3840 1247 3909 eccle-

148 3942 211 4016 lias
231 3945 396 4040 pertinent
416 3970 493 4013 cum
513 3941 587 4039 ipsis
608 3944 761 4033 ecclesiis,
778 3945 968 4019 decimas&
983 3954 1095 4022 omnia
1110 3950 1189 4024 sicut
1203 3956 1245 4025 illi

152 4056 317 4157 poffidere
339 4056 500 4147 solebant,
523 4060 573 4129 vel
594 4059 674 4130 alius
695 4058 738 4130 ab
761 4064 817 4131 eis.
