3144 5062
384 465 583 540 Glossarium
599 468 642 540 ad
659 469 751 541 usum
768 471 946 543 Cartularis
962 470 1004 542 de
1023 474 1180 544 Domina.
1253 491 1323 574 433

238 1139 371 1200 Ninum,
389 1139 504 1186 Ninorun
519 1151 593 1186 trum.
609 1140 640 1185 C.
657 1154 766 1206 233-29:
821 1134 911 1206 flicrs?
928 1143 963 1188 An
987 1155 1075 1189 nomen
1099 1142 1143 1190 soci
1166 1141 1235 1191 nobis
1254 1145 1327 1208 ignoti

273 1224 348 1275 Vinea
360 1239 411 1290 qua
419 1221 536 1274 Bomdum
549 1221 633 1273 dicitur
643 1237 687 1274 tres
698 1222 769 1274 dena-

829 1228 968 1290 proprium?

270 1312 317 1359 rios
327 1307 412 1379 (debet)
423 1311 444 1360 o
455 1305 579 1359 dimidium
589 1323 725 1376 quartonem
739 1309 769 1360 ii·
797 1314 896 1375 Norvu,
915 1328 937 1360 c.
955 1329 1002 1372 40:
1018 1309 1138 1363 Desierunt
1155 1310 1266 1380 quidquid
1282 1311 1328 1364 iro-

271 1394 319 1447 bra
330 1393 448 1446 nordana.
458 1397 502 1446 Vei
511 1398 550 1445 hic
561 1393 661 1445 nardina
671 1414 685 1445 e
695 1394 768 1446 nardo

272 1479 767 1546 venir,atuncexprtmitsr'bramdenario,

273 1571 340 1632 quod
354 1569 389 1618 est
400 1584 484 1618 aroma
499 1585 528 1617 ex
545 1569 669 1618 arbuscula
686 1586 770 1633 prove·

272 1659 353 1716 niens;
369 1657 405 1704 ves
416 1672 430 1703 a
442 1649 556 1717 aurdanu,
572 1657 638 1718 quod
657 1672 701 1719 pro
718 1653 768 1706 oleo

830 1394 916 1449 iebant
932 1399 955 1447 in
976 1399 1060 1448 uarios
1078 1401 1116 1465 qui
1137 1413 1204 1449 erant
1223 1401 1246 1450 in
1268 1412 1328 1450 terra

830 1484 910 1534 srneii
919 1484 990 1534 Petri.
997 1488 1031 1533 An
1047 1488 1085 1534 hic
1095 1486 1226 1551 iegendum
1237 1487 1328 1535 noirios

830 1587 875 1635 pro
889 1586 967 1633 nuces,
978 1570 1035 1638 gals.
1047 1567 1079 1620 ies
1093 1567 1191 1636 noyers?
1198 1575 1233 1619 An
1244 1581 1328 1620 contra

831 1672 919 1705 nomen
933 1657 978 1706 loci
993 1658 1062 1706 nobis
1075 1659 1151 1722 ignoti
1160 1659 1300 1720 proprium?

273 1741 391 1805 usurpasse
401 1750 457 1789 tunc
467 1743 583 1804 temporis
592 1741 718 1805 scriptores
729 1758 770 1806 pa·
797 1743 920 1792 Novimus.
931 1744 963 1792 C.
974 1759 1003 1792 22
1012 1761 1019 1792 ς
1029 1742 1150 1792 Notitiam
1158 1757 1249 1810 quoque
1256 1758 1328 1793 unum

273 1837 321 1889 tet,
340 1837 361 1876 tr
379 1837 435 1876 tunc
451 1828 566 1893 fignificat
581 1823 666 1876 libram
678 1824 707 1877 de
718 1825 769 1878 oleo
826 1821 895 1896 juffit'
904 1825 936 1877 ad
947 1825 991 1878 hoc
1005 1825 1072 1878 nobis
1082 1825 1190 1878 dominus
1202 1820 1276 1878 abbas
1282 1844 1327 1896 pro

273 1913 329 1977 (rme
337 1909 392 1961 livre
403 1909 509 1977 d'irur'le).
522 1914 545 1960 sn
556 1915 603 1960 stoc
612 1914 695 1962 ultimo
704 1915 769 1962 sensu

271 1998 366 2048 videtur
380 2000 403 2047 in
418 1999 538 2047 Cartuiari
556 1998 635 2047 nostro
653 2001 706 2048 haec
724 2015 769 2048 vox

272 2085 422 2148 accipienda,
433 2093 454 2132 tr
466 2086 564 2146 quidem
576 2086 607 2132 de
619 2081 671 2134 oleo
684 2100 768 2134 nucum

272 2171 336 2233 apud
352 2185 396 2219 nos
410 2171 564 2218 usitatissimo.

238 2256 601 2323 NnrntrDouiu1.C.233-24.
614 2256 704 2305 sessum
719 2272 768 2320 quo

271 2342 359 2391 Christi
376 2344 472 2391 Domini
487 2352 553 2391 ortus
566 2349 620 2390 xxv·
631 2343 769 2392 decembris

271 2430 311 2477 die
323 2433 451 2492 quotannis
464 2429 610 2477 celebratur.
623 2429 685 2476 Gaii.
696 2426 767 2478 Noti.

237 2515 326 2563 Num.
338 2515 415 2563 semei
425 2530 447 2563 c.
459 2531 466 2562 ι
480 2510 566 2563 :Oricia
574 2510 768 2563 dominiAinanii

271 2613 350 2668 nepta.
370 2602 396 2649 sd
414 2600 449 2649 esi
465 2615 536 2667 nepos
553 2601 658 2649 soeminei
674 2603 769 2668 generis

271 2704 317 2751 pro
330 2687 392 2754 nepti
404 2687 441 2736 vel
452 2699 544 2754 nepote.
556 2688 640 2736 Fratris
652 2697 693 2735 aut
702 2689 768 2737 soro-

271 2776 302 2822 ris
318 2773 374 2835 filiu,
393 2773 439 2822 sive
455 2773 493 2822 iiiii
506 2773 543 2822 vel
561 2773 616 2822 fisiae
627 2773 683 2821 iiiia.
704 2775 765 2822 Gaii.

275 2856 568 2926 r’nicce;2·perite-fiiie.

237 2948 393 2995 Nrsrtamuu.
405 2948 436 2994 C.
454 2963 481 3006 ¹7
494 2964 500 2993 :
516 2946 590 2994 Vinea
601 2943 630 2995 de
642 2943 766 3012 uespiario.

270 3037 305 3081 An
313 3048 358 3096 pro
366 3027 589 3098 mejjriiario?(gais.
593 3029 729 3098 plantation
739 3028 768 3081 de

270 3113 385 3185 nejiiers):
397 3114 421 3165 iu
434 3117 504 3184 vigne
520 3113 551 3165 du
566 3114 669 3184 psanrier
685 3113 714 3166 de
730 3113 768 3166 ne'·

236 3691 331 3751 Ouum,
344 3691 441 3741 Urium.
449 3692 480 3739 C.
492 3705 521 3738 21
533 3708 538 3737 :
550 3691 578 3738 Er
589 3687 663 3740 obiici
672 3686 701 3738 de
710 3687 767 3738 duo·

269 3773 311 3827 bus
332 3772 439 3825 membris
457 3777 480 3826 st
497 3773 586 3825 duobus
601 3772 713 3842 panibus.
734 3777 765 3823 C.

273 3858 765 3929 162:sexdenuriosdeubiiis.C.233-r:

269 3950 360 3996 Damus
363 3945 486 4013 sexdecim
496 3945 605 3997 denarios
620 3949 643 3996 in
656 3944 767 4011 Quadru-

268 4031 356 4100 gefima
368 4031 460 4085 dubiios
473 4035 551 4099 (idest
564 4032 593 4083 de
605 4031 692 4099 ubisit).
704 4036 766 4082 Gaii.

269 4116 364 4170 oussies.
384 4124 471 4171 01111111
488 4123 558 4171 disice
572 4124 624 4169 sunt
634 4118 766 4170 oblaturum

832 1911 876 1963 hoc
892 1915 999 1982 recipere.
1011 1914 1048 1962 ist
1061 1914 1114 1978 tiro,
1124 1914 1180 1981 gall.
1193 1914 1281 1964 novica.
1292 1918 1329 1965 Sic

832 1999 869 2049 illc
878 2001 1013 2063 utriusqus,
1022 2001 1157 2049 monachali
1168 2001 1252 2049 habitu
1262 2002 1330 2050 indu·

832 2093 878 2147 tus,
878 2081 1034 2151 sacruudhuc
1042 2097 1095 2135 rota
1104 2101 1150 2135 non
1156 2086 1326 2152 pronuntiarit.

832 2171 998 2219 Tridentinum
1005 2172 1132 2220 concilium
1139 2171 1327 2221 statuitutnemo

830 2258 932 2305 domum
946 2258 1103 2306 monasticam
1113 2254 1295 2324 ingreii'usvotis
1304 2259 1327 2305 se

830 2344 952 2410 obligandi
960 2353 1015 2393 ante
1022 2345 1328 2393 decimumsextumevoiu·

830 2439 881 2478 tum
899 2429 970 2493 plene
986 2446 1075 2478 annum
1089 2432 1128 2494 jus
1146 2429 1245 2478 habeat.
1256 2432 1326 2494 Apud

830 2517 970 2578 Dominam,
985 2525 1011 2564 ut
1022 2517 1104 2565 videre
1115 2515 1158 2578 est,
1171 2517 1235 2580 saepe
1245 2531 1274 2564 ac
1283 2518 1327 2565 iae-

829 2602 921 2665 pissime
932 2602 1031 2663 quidem
1040 2617 1129 2665 pueros
1145 2603 1168 2650 in
1182 2602 1326 2651 monasterio

830 2688 981 2747 habuerunt3
1002 2691 1046 2736 hos
1065 2690 1182 2737 enutritos
1202 2688 1326 2737 dicebant.

829 2774 890 2821 Vide
900 2775 1040 2822 Conversus
1053 2786 1195 2823 nouacuus.

796 2860 910 2907 Nucrmt.
925 2860 956 2907 C.
973 2874 1000 2927 ²3
1010 2877 1080 2926 3420:
1098 2855 1208 2925 (vehent)
1222 2857 1326 2925 toscham

829 2944 936 2994 &unum
948 2944 1051 2993 eminam
1061 2942 1090 2993 de
1103 2941 1193 2993 nuchis.
1207 2947 1253 2993 Pro
1267 2960 1327 2994 uoce

829 3029 1331 3094 nuces.Gail.rroix.incensumrepeteban·

829 3117 1003 3181 turpraescrtim
1011 3118 1042 3164 ad
1047 3116 1127 3165 oleum
1138 3116 1323 3165 conficiendum.

827 3690 872 3739 five
885 3705 977 3756 parrum
995 3687 1175 3755 terruiffimorurn
1190 3687 1325 3756 proflatio·

827 3790 877 3838 nes,
895 3792 952 3839 quae
971 3777 1116 3839 quibusdam
1133 3776 1220 3825 diebus
1237 3777 1326 3825 osiere-

830 3862 917 3909 bantur
932 3863 1035 3910 dominis
1050 3878 1063 3909 a
1077 3862 1174 3910 vassallis
1185 3869 1205 3909 ει
1215 3861 1325 3911 subditis.

830 3946 881 3994 sssae
894 3946 1057 4009 praestationes
1071 3947 1153 4011 postea
1164 3949 1186 3994 in
1197 3955 1294 3996 tenuem
1305 3956 1326 3995 tr

829 4035 952 4081 minimam
965 4036 1074 4096 pecuniae
1082 4037 1130 4081 vim
1141 4033 1274 4082 evaserunt.
1283 4034 1325 4081 Jus

829 4121 860 4168 ad
870 4135 910 4170 eas
917 4121 1043 4170 dicebatur
1049 4122 1087 4185 jus
1096 4115 1184 4185 obiagii
1188 4156 1194 4181 ,
1202 4115 1327 4185 gaiidroit

1103 4209 1182 4281 28n
