3144 5062
344 460 443 531 Index
455 462 605 532 locorum
618 460 661 532 ad
675 461 767 533 usum
781 464 958 537 Cartusar'ts
970 463 1012 536 de
1026 467 1184 547 Domina.
1240 466 1310 565 389

251 664 345 711 serium.
359 664 386 712 tt
400 664 432 711 isti
444 665 552 727 praedisti
565 666 675 712 homines
688 665 750 712 sece-

250 759 305 797 runt
316 752 398 798 venire
412 749 561 797 Guasterium
577 751 657 798 Baban
675 758 696 798 st
710 751 750 797 Ri-

249 835 369 882 ehardum
386 836 418 882 de
431 836 514 883 Monte
527 835 597 896 Eisut,
609 843 631 882 dt
641 835 751 882 iecerunt

251 922 355 987 Guigoni
373 921 487 968 converso
504 924 527 967 in
545 922 628 983 pn'tnis
642 921 750 968 dividere

187 1033 190 1037 ·
250 1008 310 1055 duas
322 1007 481 1055 condaminas
494 1022 550 1068 quae
568 1007 620 1054 sunt
629 1008 696 1071 juxta
707 1022 750 1054 ec-

250 1093 345 1140 clesiam
364 1092 441 1141 §andi
462 1093 563 1141 Vistoris
584 1093 615 1139 dc
636 1092 748 1140 Meiolan.

251 1180 294 1242 Ipsi
310 1180 415 1244 Guigoni
430 1178 539 1226 fecerunt
552 1179 660 1226 dividere
675 1186 696 1225 tr
713 1178 724 1224 s
738 1205 750 1217 ·

250 1268 292 1314 ciis
304 1267 358 1326 suis,
368 1266 474 1312 &divisit
485 1267 520 1312 eis
529 1267 610 1331 Guigo
622 1265 707 1312 &socii
718 1264 749 1310 sui

249 1353 357 1414 praedisti
367 1351 430 1399 illarn
439 1353 536 1414 peciam
543 1351 575 1399 de
584 1360 648 1399 terra
655 1349 751 1413 quaeest

251 1439 319 1501 super
332 1440 395 1486 viam
406 1453 462 1500 quae
472 1440 552 1503 pergit
561 1439 593 1485 ad
606 1438 675 1485 Biveu
685 1445 706 1484 tr
717 1436 751 1484 est

250 1524 319 1586 supra
337 1524 509 1571 condaminam
522 1525 627 1585 comitis,
644 1524 751 1571 &divisit

252 1612 285 1658 eis
302 1619 481 1671 omnesones,
498 1610 556 1657 sicut
574 1612 621 1657 exit
640 1625 703 1672 aqua
719 1611 751 1657 de

251 1705 325 1758 puteo
344 1705 364 1744 tr
380 1697 432 1743 fluit
448 1696 566 1759 usquead
580 1697 716 1744 Charitium
730 1704 751 1743 u

251 1783 366 1844 usquead
380 1784 524 1830 cimiterium
536 1782 658 1845 praedistae
671 1783 751 1829 eccie-

252 1871 316 1917 tiaea
324 1870 382 1916 sicut
390 1869 475 1916 dividit
485 1876 552 1917 ortus
562 1869 674 1916 Bernardi
683 1869 751 1931 Espe-

252 1954 283 2001 liti
300 1958 341 2017 qui
353 1954 388 2003 est
399 1957 504 2003 comitis.
523 1956 551 2001 Et
564 1957 607 2002 has
623 1955 750 2018 praedistas

251 2045 374 2105 portiones
383 2042 494 2091 videlicet
506 2050 596 2089 terram
605 2057 680 2103 quam
690 2042 751 2089 dixi-

251 2144 305 2177 mus
319 2129 390 2192 super
403 2131 466 2176 viam
480 2144 536 2191 quae
549 2130 630 2194 pergit
639 2129 670 2175 ad
680 2129 749 2176 Biveu

251 2224 272 2264 st
282 2223 349 2263 ortos
359 2216 417 2262 sicut
428 2230 471 2263 eos
479 2217 667 2278 praenotavimus
676 2217 750 2278 usque

251 2303 282 2350 ad
294 2303 449 2362 cimiterium.
462 2302 519 2350 Misit
532 2302 613 2367 Guigo
623 2302 750 2349 conversus

252 2399 272 2436 ti
292 2390 346 2437 socii
365 2389 396 2436 sui
415 2403 471 2435 curn
492 2387 637 2435 condamina
650 2403 705 2450 quae
716 2388 750 2436 est

251 2476 330 2524 versus
346 2477 504 2523 Bocoironem
521 2473 567 2520 sive
581 2482 666 2521 contra
677 2489 750 2521 occa-

252 2564 302 2609 sum
312 2562 365 2610 solis
372 2569 392 2608 ti
399 2561 457 2607 sicut
467 2562 514 2608 exit
525 2561 561 2607 via
571 2560 665 2607 devilia
675 2562 749 2609 Maio-

251 2649 309 2696 sanis
327 2651 388 2695 inter
402 2646 463 2694 duas
481 2645 647 2708 condaminas,
664 2646 749 2694 scilicet

251 2734 348 2783 istarum
369 2732 406 2797 (ι)
424 2733 528 2780 duarum
548 2733 749 2779 condaminarum

251 2835 306 2882 quae
322 2822 344 2867 in
363 2820 410 2866 hac
424 2819 551 2880 scriptione
570 2817 709 2865 dividuntur
728 2827 750 2865 ti

251 2922 295 2969 per
308 2905 418 2953 medium
429 2904 533 2952 crastum
547 2911 567 2950 a
583 2904 659 2951 tendit
676 2905 750 2966 usque

252 2993 283 3040 ad
296 3007 368 3040 unam
383 2990 497 3038 arborem
508 3005 563 3052 quae
572 2998 672 3037 vocatur
682 2989 750 3038 albus

251 3081 330 3142 spinus
344 3087 365 3125 ti
378 3077 502 3125 descendit
516 3079 539 3123 in
558 3077 655 3124 stratam
670 3076 750 3139 pubii-

251 3179 315 3226 cam,
326 3179 382 3227 quae
391 3163 463 3210 strata
472 3164 552 3227 pergit
560 3163 640 3209 versus
648 3163 749 3209 Romam

251 3261 272 3300 ti
290 3252 321 3300 ad
339 3250 451 3298 Sanstum
472 3249 602 3297 Jacobum.
623 3250 681 3296 lnde
700 3250 750 3296 sunt

251 3337 340 3400 praefixt
354 3338 458 3384 termini.

284 3423 380 3472 Deinde
396 3423 476 3488 Guigo
493 3422 621 3469 conversus
634 3422 692 3468 dixit
704 3423 748 3468 ho-

250 3510 356 3558 minibus
371 3511 466 3559 comitis
479 3517 504 3554 ut
522 3508 639 3573 eligerent
654 3516 748 3570 partem

251 3597 378 3644 meliorem
393 3611 421 3642 ex
438 3594 534 3642 duabus
548 3594 698 3641 condominis
716 3595 749 3640 di-

251 3685 301 3731 visis
312 3698 385 3744 quam
399 3681 484 3729 vellent
502 3682 621 3742 accipere.
637 3680 679 3742 spsi
692 3697 749 3727 vern

238 4087 261 4126 (ti
273 4085 324 4120 sotto
336 4092 401 4118 urin.

238 4146 260 4184 tet
275 4144 289 4177 tt
300 4153 307 4185 ‚t
320 4153 329 4177 ι
340 4143 364 4178 iti
375 4144 385 4176 t
397 4152 420 4178 nu
431 4144 440 4170 2¹
454 4148 501 4177 mota
512 4143 582 4180 erotica
592 4143 637 4177 dans
648 4141 740 4183 l'ortginat

809 665 896 713 scilicet
917 668 1027 717 homines
1046 669 1141 714 comitis
1160 677 1310 730 acceperunt

810 752 980 801 condaminam
995 756 1115 819 integram
1129 753 1208 802 versus
1217 754 1309 819 aquilo-

810 853 865 885 nem
885 839 931 887 sive
947 848 1031 887 contra
1046 839 1171 888 ecclesiam
1182 841 1214 888 de
1229 840 1308 891 Biveu.

811 923 893 972 Postea
905 927 1016 974 homines
1029 926 1136 990 praedisti
1148 927 1244 975 comitis
1252 927 1310 976 divi-

810 1010 889 1057 serunt
904 1011 962 1059 alias
979 1012 1039 1059 duas
1054 1012 1226 1074 condaminas,
1247 1012 1309 1059 iliam

808 1096 896 1144 tciticer
905 1097 937 1144 de
945 1097 1130 1158 Ulmo,&itlam
1138 1098 1308 1146 condaminam
1330 1161 1334 1167 Ι

810 1196 866 1243 quae
883 1181 917 1230 est
936 1183 967 1232 ad
987 1180 1134 1246 corbonan,
1148 1198 1205 1246 qnae
1220 1184 1272 1232 sunt
1287 1186 1310 1230 in

811 1270 939 1331 parrochia
951 1270 1027 1318 Sancti
1039 1271 1150 1318 Himerii.
1160 1270 1244 1323 Habet
1253 1285 1310 1317 vero

810 1354 1005 1418 episcopusissnm
1011 1356 1182 1404 condaminam
1188 1355 1308 1416 deutero,

811 1455 894 1488 comes
904 1449 987 1489 autem
997 1441 1060 1489 illam
1073 1442 1105 1490 de
1117 1441 1259 1490 corbonan.
1268 1443 1310 1489 1²0-

811 1525 858 1573 stea
869 1542 926 1574 vero
935 1527 1061 1591 episcopus
1071 1535 1092 1577 a
1101 1542 1185 1576 comes
1195 1527 1262 1576 istam
1271 1529 1309 1575 di-

812 1612 926 1660 visionem
937 1613 1038 1661 firmiter
1047 1622 1175 1662 tenuerunt
1186 1611 1222 1678 (2)
1227 1649 1310 1661 ........

812 1697 847 1764 (3)
861 1698 960 1746 Habent
973 1713 1079 1761 namque
1091 1701 1155 1748 inter
1170 1699 1308 1762 episcopum

812 1791 833 1830 ti
850 1787 966 1832 comitem
983 1799 1058 1832 unum
1075 1793 1172 1848 pratum
1189 1787 1308 1848 optimum

812 1872 974 1918 communiter
992 1872 1059 1934 juxta
1080 1870 1205 1918 ecclesiam
1233 1873 1308 1920 Sansti

811 1956 946 2003 Clementis
953 1957 1000 2004 srve
1006 1971 1083 2019 prope
1093 1957 1183 2007 flumen
1191 1958 1276 2019 Dravi,
1288 1966 1309 2004 tr

811 2042 902 2090 debent
912 2041 967 2089 illud
977 2051 1074 2105 pratum
1083 2043 1179 2090 seccare
1189 2039 1253 2108 (fic)
1264 2044 1309 2092 ho-

810 2131 887 2176 mines
900 2129 932 2175 de
951 2128 1076 2177 Fontaniss.
1091 2128 1209 2180 Videlicet
1226 2130 1310 2178 sexde-

810 2216 857 2261 cim
877 2213 969 2262 debcnt
989 2212 1036 2261 esse
1053 2213 1157 2262 tectores
1173 2222 1195 2261 dt
1212 2222 1307 2278 pratum

811 2301 886 2348 debet
900 2300 993 2349 habere
1006 2299 1069 2347 iliam
1079 2300 1271 2365 magnitudinem
1284 2309 1310 2347 ut

811 2402 854 2449 per
863 2395 911 2434 tres
921 2387 973 2434 dies
980 2387 1071 2452 jugiter
1079 2385 1197 2434 sexdecim
1208 2387 1309 2435 sessores

810 2480 942 2536 operentur
950 2472 998 2519 sine
1004 2471 1084 2535 aliquo
1092 2471 1169 2534 lucro,
1177 2472 1217 2521 sed
1225 2473 1308 2521 cibum

811 2560 902 2607 debent
918 2559 1010 2608 habere
1020 2559 1183 2607 communiter
1193 2567 1214 2607 tr
1223 2567 1308 2622 potum

811 2647 842 2693 de
859 2646 925 2693 dono
941 2647 1037 2694 comitis
1052 2653 1073 2692 tr
1089 2646 1121 2693 de
1136 2645 1202 2693 dono
1216 2646 1308 2709 episco-

810 2730 877 2796 pi(4)
881 2766 963 2779 ........
972 2731 1309 2793 BoscusquivocaturAusane

810 2820 973 2866 communiter
985 2817 1076 2866 habent
1089 2820 1151 2865 inter
1163 2820 1277 2866 comitem
1289 2827 1309 2865 tr

810 2905 949 2968 episcopum
967 2913 988 2951 tr
1006 2905 1069 2969 ligna
1085 2905 1144 2952 dum
1164 2904 1196 2951 ibi
1216 2907 1308 2951 inventu

810 2991 907 3052 suerint,
915 2998 936 3038 a
943 2991 1025 3053 postea
1035 2999 1099 3038 terra
1109 2989 1236 3053 postquam
1246 2991 1308 3054 ligna

809 3078 869 3124 caesa
880 3076 966 3123 suerint
979 3078 1040 3133 inter
1052 3076 1191 3140 episcopum
1202 3084 1222 3122 te
1234 3079 1310 3123 comi-

809 3170 859 3210 tem
870 3164 1032 3209 communiter
1041 3163 1116 3210 debet
1124 3176 1260 3225 remanere,
1271 3177 1310 3209 ex-

810 3257 882 3311 cepto
891 3262 992 3311 campus
1000 3251 1040 3310 qui
1051 3256 1152 3296 vocatur
1162 3248 1258 3296 Pratum
1269 3251 1309 3295 Ai-

809 3335 877 3383 nardi
890 3337 930 3396 qui
940 3334 974 3382 est
985 3334 1017 3381 dc
1026 3335 1140 3398 episcopo
1149 3334 1197 3382 sine
1208 3336 1305 3383 comite.

809 3422 895 3469 Boscus
903 3423 943 3484 qui
953 3429 1054 3468 vocatur
1063 3423 1139 3469 Morta
1148 3421 1307 3469 medietasest

811 3511 871 3555 inter
884 3510 998 3555 comitem
1009 3516 1030 3554 ει
1040 3508 1189 3570 episcopum,
1196 3507 1241 3554 alia
1250 3523 1307 3554 vern

809 3595 927 3643 medietas
935 3594 969 3643 est
979 3595 1010 3642 dc
1018 3594 1070 3644 ntns
1081 3595 1202 3642 Lanzsredi
1212 3595 1243 3641 de
1250 3595 1309 3642 Moi-

810 3696 891 3728 renco.
905 3682 1057 3729 Condamina
1075 3681 1106 3729 dc
1118 3683 1180 3728 Vorz
1199 3680 1233 3728 est
1247 3683 1307 3727 inter

795 4084 818 4123 (7¹1
831 4082 855 4113 Υ·
867 4082 892 4116 du
902 4081 945 4116 sntio
958 4089 1023 4116 urtu.

797 4141 820 4177 1²*
832 4140 862 4181 Π)
876 4151 885 4174 a
897 4141 920 4176 ici
932 4149 968 4175 nnn
978 4140 1029 4180 tinne
1041 4148 1064 4173 cn
1076 4139 1130 4174 blanc
1141 4140 1187 4174 dans
1199 4139 1297 4179 t‘nrieinet.
