3144 5062
274 450 374 522 lndeii
384 452 534 524 locorum
548 451 590 523 ad
603 452 696 525 usum
710 453 889 527 Caitutaris
902 451 943 525 de
958 454 1117 529 Domina.
1173 466 1239 548 375

186 657 268 704 Deo&
277 657 361 705 Ordini
374 657 500 720 Cartusiae,
514 672 559 721 pro
573 657 682 710 remedio

186 744 320 790 animarum
330 742 474 813 nostrarum,
482 752 504 792 a
511 746 636 808 praecipue
644 744 686 791 do-

185 830 234 875 mui
249 828 314 876 vallis
325 830 402 877 Sancti
418 831 537 895 Hugonis,
556 830 685 894 spaciosam

186 915 313 963 heremum
327 931 382 979 quae
395 917 461 979 jacet
473 932 487 964 a
501 917 552 966 rivo
573 917 686 964 Getronis

186 1000 299 1062 usquead
309 1003 502 1063 rivumVeitonis,
511 1004 685 1065 inperpetuum

186 1086 364 1148 possidendam.
600 1077 607 1094 ⁸

223 1191 234 1214 ι
250 1172 301 1235 lpsa
314 1188 373 1221 vero
387 1175 502 1221 heremus
515 1188 590 1236 quam
599 1175 634 1222 eis
645 1174 686 1222 de·

185 1257 265 1306 dimus
281 1259 326 1306 lios
343 1259 418 1307 babet
437 1262 567 1309 terminos:
582 1259 614 1307 ab
625 1262 686 1307 occi·

185 1344 259 1392 dente
270 1345 351 1392 locum
363 1347 403 1407 qui
416 1354 516 1394 vocatur
530 1360 600 1394 mons
613 1347 687 1394 Lovet

187 1432 366 1496 pertingentem
375 1433 406 1480 ad
415 1432 553 1494 aquilonem
566 1433 640 1495 usque
654 1432 685 1479 ad

186 1519 263 1565 rivum
273 1520 313 1579 qui
326 1526 426 1565 vocatur
439 1520 524 1580 Getro,
540 1518 598 1565 sicut
614 1532 686 1566 mons

186 1602 277 1664 pendet
287 1617 317 1649 eii
331 1602 411 1651 nostra
424 1611 493 1666 parte
507 1603 582 1664 usque
597 1605 619 1649 in
633 1617 686 1664 pra-

186 1695 238 1734 tum
252 1687 379 1748 Eudinum,
390 1696 411 1734 ἀ
420 1688 476 1735 inde
487 1688 561 1751 usque
574 1688 605 1734 ad
618 1688 685 1750 alpes

187 1774 318 1831 Morianae;
332 1789 346 1820 a
358 1773 474 1837 praedicto
484 1788 541 1820 vero
556 1774 687 1822 monteio

188 1867 226 1907 vet
238 1860 340 1907 tendunt
354 1861 448 1907 termini
456 1875 501 1922 per
508 1860 551 1907 Les
560 1861 684 1908 Laiancha

187 1946 284 2008 quaeest
294 1946 336 1995 sub
350 1945 436 2011 srigida
452 1945 513 1994 valle
526 1953 548 1994 ti
562 1946 617 1993 inde
628 1946 686 1994 sicut

187 2035 224 2080 via
239 2035 286 2080 eiiit
300 2033 332 2080 de
346 2033 433 2093 Bardo,
452 2032 541 2080 deinde
555 2032 686 2080 ascendunt

188 2120 257 2183 supra
270 2119 373 2167 Bardum
387 2127 409 2166 ti
419 2119 520 2167 tendunt
530 2133 574 2181 per
584 2132 685 2165 renoum

187 2207 275 2253 montis
296 2204 369 2252 Olerii
387 2213 408 2253 tt
427 2204 483 2252 inde
504 2219 548 2267 per
567 2204 685 2253 directum

188 2293 276 2339 montis
293 2291 367 2353 usque
380 2291 412 2339 ud
424 2298 524 2353 pontem
540 2292 581 2337 rivi
595 2293 635 2352 qui
646 2305 686 2338 vo

186 2384 255 2425 catur
273 2379 402 2438 Veitonus,
422 2377 477 2424 inde
491 2384 642 2424 revertuntur
654 2378 684 2424 ad

186 2466 315 2524 orientem,
325 2463 382 2510 sicut
394 2463 523 2526 praedictus
536 2477 607 2511 mons
618 2462 685 2510 clau-

187 2550 222 2597 dit
236 2550 310 2612 usque
327 2550 359 2596 ad
379 2549 483 2596 summas
500 2547 567 2611 alpes
582 2549 685 2596 Mauriu-

188 2651 233 2686 nte.

144 2740 147 2747 ·
224 2742 234 2765 a
251 2723 346 2770 Partem
354 2737 413 2770 vero
422 2724 581 2770 terminorum
599 2722 687 2769 scilicet

189 2811 263 2856 arivo
276 2808 401 2871 Coppelle
413 2808 529 2870 usquead
544 2809 686 2871 praedittum

188 2898 264 2944 rivum
282 2896 409 2943 Veitonem
428 2895 553 2954 Aynardus
568 2901 589 2941 ti
601 2895 687 2954 ilyme

187 2983 250 3029 ricus
263 2980 377 3028 Villenclii
391 2980 526 3028 calumniati
542 2980 593 3027 sunt
606 2980 686 3027 dicen·

188 3077 224 3116 tes
238 3067 296 3115 intra
311 3068 427 3114 terminos
441 3081 489 3113 non
503 3067 630 3124 contineri3
646 3066 686 3114 sed

189 3154 317 3218 praedictus
338 3155 404 3202 Prior
421 3151 565 3200 Nantelmus
577 3159 598 3199 ti
614 3152 686 3200 irater

188 3236 686 3303 Vuillelmus‚HugoilltiVillaristil’etriis

188 3327 295 3374 Gauterii
304 3328 445 3389 iuraverunt
455 3327 476 3372 in
489 3340 562 3372 manu
570 3326 686 3372 lobannis

187 3413 291 3476 episcopi
306 3410 520 3473 Gratianopolitani
533 3410 592 3458 insra
607 3412 686 3456 termi-

188 3514 232 3547 nos
251 3499 377 3558 contineri,
391 3504 412 3544 ti
425 3498 457 3543 ita
474 3495 686 3543 calumniatoribus

188 3584 360 3631 satissecerurit.

224 3693 235 3714 a
255 3671 365 3718 Hismido
374 3670 406 3718 de
415 3672 454 3716 itis
463 3669 577 3735 magister
591 3669 686 3731 Templi

188 3767 208 3805 ti
215 3758 299 3805 coeteri
310 3757 393 3804 sraties
399 3755 494 3818 Templi
503 3756 624 3803 dederunt
631 3756 685 3802 Deo

188 3854 209 3893 ti
225 3845 307 3892 domui
322 3843 388 3890 vallis
405 3843 482 3891 §antii
498 3843 608 3908 Hugonis
626 3842 687 3888 duos

187 3931 273 3978 solidos
282 3944 343 3992 quoe
354 3929 412 3976 insta
425 3931 540 3976 terminos
552 3926 685 3975 habebant.

188 4015 313 4064 Cartalam
327 4016 400 4062 etiam
418 4017 439 4061 in
456 4029 504 4076 qua
519 4012 689 4061 continebatur

187 4106 234 4151 lioc
247 4102 338 4150 donum
350 4118 393 4163 per
402 4117 475 4149 unum
486 4100 621 4150 esratribus
632 4100 685 4149 suis.

744 665 928 721 procuratorem
937 656 1025 705 scilicet
1038 657 1069 704 de
1079 654 1149 715 valle,
1157 654 1243 722 sigilla-

747 751 798 791 tam
810 744 852 791 suo
865 743 939 809 sigillo
951 742 1021 791 nobis
1033 741 1156 791 miserunt.

783 849 795 872 ι
806 828 1244 884 Praesataautemlieremushisterini-

747 917 782 964 nis
792 915 922 963 conclusae
933 915 1015 962 Priore
1024 912 1206 978 pmdtttoaab
1217 915 1244 960 iis

747 1001 788 1062 qui
800 1014 858 1048 cum
871 1015 901 1048 eo
913 1007 983 1048 erant
996 998 1110 1047 tratribus
1126 1000 1202 1061 ciepit
1212 1000 1246 1045 in-

747 1086 849 1134 habitari
859 1101 888 1134 ac
898 1084 1001 1134 construi
1015 1100 1078 1133 anno
1091 1084 1123 1133 ab
1136 1085 1245 1132 incarna-

746 1174 811 1220 tione
819 1172 917 1220 Domini
923 1169 1047 1220 millesimo
1057 1169 1187 1218 centesimo
1196 1169 1245 1232 sep-

747 1259 880 1324 tuagesimo
888 1295 896 1320 ,
909 1258 1062 1322 episcopatus
1078 1272 1137 1306 vero
1152 1257 1244 1305 domini

745 1342 1083 1407 JohannisGratianopolitani
1090 1343 1195 1407 episcopi
1204 1343 1245 1390 de

747 1433 812 1479 cimo
823 1430 917 1493 ottavo,
930 1432 971 1492 qui
985 1429 1096 1478 videlicet
1107 1429 1211 1476 laudavit
1223 1438 1245 1475 tr

746 1516 914 1567 corroboravit
930 1518 978 1564 hoc
994 1516 1087 1564 donum
1100 1515 1167 1578 quod
1184 1514 1245 1563 sece-

748 1611 802 1650 runt
820 1602 929 1666 personae
948 1602 1088 1666 supradictae
1104 1615 1161 1659 cum
1178 1604 1244 1649 omni

747 1698 866 1738 conventu
877 1688 1020 1737 clericorum
1029 1688 1135 1749 suorum,
1143 1695 1165 1736 ti
1172 1702 1246 1750 quan-

747 1784 798 1825 tum
804 1776 836 1824 ad
845 1777 868 1824 se
877 1774 1015 1838 pertinebat
1023 1774 1138 1838 quicquid
1148 1774 1246 1837 suijuris

746 1860 793 1910 elle
805 1861 934 1910 videbatur
945 1862 1045 1908 omnino
1059 1860 1181 1910 concessit.

783 1967 795 1991 ι
808 1947 833 1994 ln
843 1949 910 2010 cujus
920 1948 953 1994 rei
963 1945 1038 1993 robur
1051 1952 1073 1992 ti
1083 1944 1244 1994 testimonium

746 2033 845 2100 sigillum
855 2032 962 2081 nostrum
971 2031 1128 2095 presentibus
1134 2033 1245 2080 duximus

746 2119 930 2183 apponendum.

783 2225 794 2250 ι
810 2207 902 2253 Datum
916 2205 981 2267 apud
994 2205 1086 2253 Motam
1101 2206 1124 2250 iii
1138 2204 1245 2266 prioratu

746 2290 801 2338 dieii
814 2290 869 2352 loci,
885 2290 925 2339 die
939 2290 1034 2337 decima
1047 2289 1147 2352 septima
1160 2290 1245 2339 mensis

746 2377 839 2438 martii,
853 2390 917 2422 anno
933 2375 1031 2423 Domini
1052 2373 1177 2423 millesimo
1195 2382 1245 2421 ter-

746 2461 876 2510 centesimo
888 2459 1082 2526 quudragesimo.
1098 2480 1109 2504 a

780 2549 848 2594 Voici
856 2548 919 2595 deux
927 2555 1009 2595 autres
1018 2548 1116 2594 extraits
1124 2547 1197 2594 d'une
1206 2561 1245 2593 co

747 2635 786 2696 pie
795 2633 828 2680 du
838 2633 973 2681 Cartulaire
983 2633 1015 2680 de
1023 2631 1045 2680 la
1057 2632 1204 2681 Chartreuse
1214 2632 1246 2678 de

747 2720 892 2784 St-Hugon‚
914 2720 989 2781 ecrit,
1005 2718 1068 2767 selon
1081 2719 1196 2767 d'Hozier
1215 2718 1247 2765 de

748 2806 857 2870 Strigny,
867 2818 921 2852 vers
931 2804 952 2851 la
961 2803 993 2851 fin
1006 2804 1040 2852 du
1051 2809 1099 2852 xii·
1109 2803 1187 2866 siecle,
1197 2819 1246 2867 que

747 2906 807 2940 nous
824 2891 939 2939 devonsii
952 2889 1111 2955 l’obligeance
1122 2890 1155 2938 de
1166 2889 1200 2938 ti.
1211 2889 1248 2937 ΑΙ-

747 2977 799 3025 sied
808 2978 840 3025 de
847 2975 999 3036 Terrebalse,
1007 2984 1077 3023 notre
1085 2975 1184 3023 celebre
1192 2977 1246 3024 eru-

748 3064 783 3110 dit
797 3063 951 3125 daupiiinois.

781 3149 818 3214 (P.
831 3149 866 3216 3.)
882 3169 893 3193 ι
905 3150 955 3214 Ego
966 3147 1109 3197 Nantelmus
1118 3147 1215 3195 ilinardi
1224 3155 1245 3194 tt

747 3251 807 3285 uxor
812 3250 867 3283 mea
874 3233 937 3283 afitii
944 3235 991 3281 mei
997 3233 1123 3295 Amardus,
1130 3232 1247 3280 Arbertiis

747 3323 858 3371 &Petrus
864 3321 976 3368 dedimus
983 3319 1155 3367 DeotiOrdiiii
1161 3319 1246 3367 Cartu-

747 3407 990 3457 sietibabitatoribus
1002 3405 1066 3454 vallis
1075 3406 1152 3455 Santli
1163 3407 1247 3471 Hugo·

747 3497 782 3544 nis
791 3494 906 3557 quicquid
914 3495 973 3556 Juris
983 3493 1043 3540 insra
1056 3493 1171 3540 terminos
1184 3507 1246 3555 quos

747 3582 877 3645 posuerunt
893 3579 1046 3628 habebamus
1062 3581 1085 3626 in
1099 3585 1244 3643 perpetuum

748 3667 925 3730 possidendum,
932 3680 977 3728 pro
983 3664 1056 3713 salute
1063 3666 1197 3713 animarum
1206 3680 1246 3711 iio-

747 3753 1008 3815 strarumtiparentuin
1014 3749 1158 3810 nostrorum,
1165 3753 1187 3798 in
1193 3766 1245 3814 pre·

747 3839 819 3886 sentia
832 3838 951 3886 Nantelmi
965 3838 1071 3900 ejusdem
1085 3837 1130 3884 loci
1141 3838 1236 3889 Prioris.

785 3945 796 3967 ι
811 3925 894 3973 Testes
906 3923 970 3972 sunt:
990 3923 1104 3972 Rodulsus
1113 3923 1146 3970 de
1156 3924 1247 3972 Cham-

749 4012 841 4069 bati-eii,
857 4010 938 4058 Guido
949 4010 980 4059 de
994 4009 1153 4071 Castronmo,
1164 4010 1246 4059 Petrus

748 4096 870 4162 magister,
883 4098 951 4146 seina
963 4096 1151 4146 tiVabonneilii¹
1164 4117 1174 4141 i
