3144 5062
512 476 743 568 Cartulare
765 475 819 568 de
842 481 1044 570 Domina.
1238 479 1319 600 265

1061 655 1315 662 ..‚—-.-⁴---———.

236 708 424 805 praedictam
441 708 609 782 ecclefiam
628 712 793 807 querelare
806 713 859 783 seu
877 712 1059 803 molestare,
1079 712 1160 786 sicut
1174 713 1321 812 praedixi,

234 832 433 916 juraverunt.
464 830 585 896 Actum
603 827 667 898 hoc
690 826 732 898 ab
756 829 982 901 incarnatione
1001 831 1138 901 Domini
1154 828 1325 902 millesimo

238 938 464 1013 ducentefimo
487 940 664 1039 trigesimo,
684 941 773 1040 apud
786 944 943 1015 Sanctum
960 946 1150 1035 Nazarium,
1169 949 1203 1018 in
1222 946 1324 1019 domo

237 1054 335 1152 ipsius
359 1057 525 1128 Vuillelmi
543 1055 583 1128 de
601 1057 823 1130 Bellacomba.

284 1169 395 1242 Testes
423 1174 529 1267 rogati
555 1175 589 1241 ἃ
618 1169 791 1244 advocati:
825 1174 933 1244 Petrus
965 1174 1144 1247 Blesmodis
1171 1175 1318 1267 sacrista,

235 1283 428 1354 Vuillelmus
446 1282 487 1354 de
505 1282 674 1372 Morellel,
698 1285 814 1383 Guigo
830 1287 941 1359 Sancti
957 1288 1106 1379 Nazarii,
1124 1289 1264 1362 Ysardus
1281 1290 1323 1362 de

237 1403 359 1473 Sancto
375 1402 528 1490 Nazario,
547 1405 581 1472 ὅ(
599 1401 693 1473 multi
710 1403 775 1473 alii.

290 1536 344 1610 14.
366 1517 493 1589 Notum
510 1514 548 1586 sit
563 1520 617 1610 (1)
634 1516 788 1588 omnibus
803 1517 995 1590 hominibus
1014 1543 1081 1589 tam
1093 1518 1206 1590 suturis
1223 1547 1324 1616 quam

238 1633 447 1731 presentibus
465 1632 557 1730 quod
574 1660 665 1706 anno
684 1636 821 1706 Domini
838 1633 1009 1707 millesimo
1027 1634 1252 1709 ducentefimo
1271 1640 1324 1707 tri-

237 1748 363 1848 gesimo
378 1751 500 1846 primo,
515 1750 604 1821 sexto
621 1748 775 1820 calendas
799 1750 867 1842 julii
876 1807 886 1838 ,
912 1748 1078 1822 frederico
1099 1751 1325 1822 Romanorum

238 1868 432 1962 Imperatore
458 1862 610 1954 sedente,
631 1863 784 1937 dominus
802 1865 994 1936 Vuillelmus
1018 1868 1102 1938 Prior
1118 1864 1160 1937 de
1178 1868 1325 1938 Domina

237 1981 278 2052 de
300 1983 472 2053 communi
493 1981 651 2051 conlenlu
666 1983 764 2052 totius
782 1981 828 2051 lui
841 1981 974 2078 capituli
990 1980 1138 2079 alberget
1155 1983 1270 2053 Pontio
1284 1980 1326 2054 de

241 2099 299 2167 fos
324 2094 487 2192 quidquid
511 2095 630 2166 domus
654 2094 695 2166 de
720 2098 867 2168 Domina
884 2094 1030 2167 habebat
1049 2095 1092 2186 ad
1114 2097 1252 2184 Larvax,
1273 2097 1327 2166 tali

236 2236 350 2307 pacto,
360 2207 500 2307 praestito
511 2219 698 2302 juramento
709 2209 750 2281 ab
763 2212 832 2307 ipso
846 2212 963 2282 Pontio
980 2209 1143 2309 apposito,
1157 2209 1250 2307 quod
1259 2213 1324 2308 ipse

236 2328 368 2398 Pontius
384 2328 501 2417 juravit
520 2323 711 2395 fidelitatem
727 2329 761 2396 ὅ(
778 2325 1008 2423 hommagium
1031 2323 1188 2422 praedicto
1214 2327 1321 2412 Priori,

237 2446 320 2519 salva
343 2444 497 2516 fidelitate
515 2442 643 2516 domini
658 2444 705 2514 sui
721 2445 852 2541 proprii.
875 2445 952 2514 Hoc
970 2441 1059 2513 idem
1076 2467 1203 2514 tenetur
1219 2442 1324 2514 facere

238 2589 306 2633 tam
317 2563 397 2658 ipse,
413 2587 514 2658 quam
531 2560 577 2630 sui
594 2558 738 2630 haeredes
751 2560 890 2657 legitimi
901 2562 958 2655 qui
976 2561 1040 2630 hoc
1058 2558 1194 2630 seudum
1209 2586 1325 2631 tenue-

237 2680 314 2763 rint,
324 2674 478 2748 omnibus
497 2674 654 2749 Prioribus
672 2677 727 2770 qui
745 2701 805 2771 pro
824 2699 971 2771 ternpore
989 2673 1108 2746 suerint
1123 2677 1157 2745 in
1171 2674 1325 2771 praedicta

237 2790 341 2864 domo
359 2790 399 2862 de
419 2793 578 2863 Domina.
608 2791 689 2860 ltem
708 2816 769 2887 pro
790 2790 853 2860 hoc
872 2787 972 2859 feudo
996 2787 1127 2887 singulis
1143 2792 1236 2861 annis
1249 2789 1325 2861 dare

238 2931 389 2977 tenentur
413 2905 554 3002 praefarae
572 2903 686 2976 domui
703 2907 737 2974 in
756 2903 862 2975 natale
888 2905 988 2974 sancti
1011 2904 1141 2975 Martini
1169 2903 1324 2975 tredecim

236 3019 356 3093 solidos
374 3026 408 3092 δε
425 3046 529 3090 unum
546 3017 708 3091 sestarium
728 3018 895 3107 frumenti,
915 3024 949 3090 ἃ
967 3045 1067 3088 unam
1084 3022 1230 3090 eminam
1247 3021 1325 3091 hor-

238 3135 305 3224 dei,
324 3141 358 3207 &
375 3163 480 3207 unum
496 3160 665 3232 receptum
687 3137 857 3205 annuatim
879 3135 1022 3232 plenarie
1040 3137 1136 3205 Priori
1151 3160 1229 3205 curn
1249 3160 1323 3206 om-

239 3251 334 3323 nibus
350 3252 411 3322 suis
428 3278 511 3347 quos
528 3252 638 3321 secum
656 3248 798 3337 duxerit;
820 3253 854 3319 &
875 3250 940 3321 hoc
957 3252 1073 3341 juravit
1096 3250 1228 3320 Pontius
1250 3247 1324 3319 red-

238 3366 314 3438 dere
340 3365 430 3437 bona
453 3364 518 3437 fide
536 3370 571 3437 &
587 3362 653 3435 sine
675 3363 786 3435 fraude
806 3361 937 3462 fingulis
961 3365 1066 3434 annis.
1087 3364 1209 3434 Juravit
1224 3367 1323 3437 etiam

237 3480 328 3578 quod
345 3483 409 3553 hoc
429 3480 564 3552 feudum
582 3506 651 3552 non
670 3480 775 3576 posset
789 3480 968 3575 relinquere
993 3476 1049 3548 nili
1063 3481 1120 3548 uni
1139 3476 1179 3548 de
1195 3479 1256 3548 suis
1276 3478 1324 3548 le-

236 3601 356 3696 gitimis
374 3596 570 3684 heredibus,
581 3596 676 3668 &ille
694 3593 793 3666 snnile
806 3603 1026 3687 juramentum
1045 3599 1078 3665 ἃ
1095 3579 1323 3691 hommagium

237 3742 293 3810 per
310 3717 424 3786 omnia
440 3713 562 3784 faceret
577 3713 717 3783 Priori&
736 3712 798 3781 suis
820 3709 1051 3782 succelloribus
1064 3742 1072 3797 3
1085 3715 1119 3781 &
1132 3709 1324 3807 praedictum

236 3829 370 3901 feudum
389 3857 457 3900 non
480 3829 585 3926 pollet
605 3827 704 3899 dividi
720 3832 754 3899 in
774 3854 881 3924 partes
903 3828 1076 3924 plurimae,
1103 3829 1223 3899 scilicet
1239 3855 1326 3898 unus

274 4101 307 4162 (i)
327 4103 383 4146 nera
399 4100 431 4146 tlt
448 4100 499 4145 uaec
515 4108 580 4145 coila
598 4103 633 4142 vi‘
650 4097 761 4144 kalendas
772 4098 830 4159 julii,
845 4113 884 4143 nu.
899 4097 995 4143 Donuui
1012 4110 1084 4159 ¹²3¹·
