3144 5062
455 446 686 538 Cartulare
709 446 764 539 de
785 449 988 539 Domina.
1092 546 1095 553 ,
1207 447 1266 565 67

180 713 1262 764 undeunde&uuuunuuuuenunun&denudanduuuuunue

371 1055 430 1119 70.
455 1035 546 1103 Curru
560 1038 675 1102 domini
689 1035 853 1102 vuillelmi
866 1037 903 1102 de
916 1035 1068 1102 luminari.

221 1464 228 1500 ς
288 1387 333 1557 ξ
353 1449 426 1493 mus
444 1421 485 1494 de
502 1425 649 1495 Domina
666 1421 757 1494 dedit
773 1449 876 1494 unum
889 1421 1107 1494 diutumalem
1128 1422 1169 1496 de
1184 1450 1265 1496 terra

187 1538 210 1615 ⁹ss
272 1627 280 1629 ⁴
293 1626 302 1627 ἶ
316 1569 341 1627 qt
354 1547 445 1632 juxta
456 1543 586 1611 vineam
598 1539 740 1610 Vualani
753 1538 827 1609 Rufi
846 1541 994 1611 Domino
1005 1544 1079 1612 Deo
1088 1539 1131 1611 ad
1146 1567 1265 1612 mona-

179 1654 309 1728 sterium
326 1654 367 1726 de
391 1656 549 1743 Domina,
570 1681 609 1726 ea
629 1652 821 1755 conditione
839 1679 876 1725 ut
891 1659 984 1726 omni
1000 1654 1052 1728 die
1070 1655 1195 1728 sabbati
1211 1657 1267 1729 fiat

181 1773 338 1843 luminare
357 1772 462 1842 noctis
478 1797 538 1867 pro
551 1798 593 1842 eo
610 1794 685 1841 ante
708 1770 805 1841 altare
823 1771 941 1843 sanctae
958 1773 1067 1845 Maria
1082 1776 1116 1843 in
1133 1771 1267 1846 ecclesia

180 1885 351 1985 supradicti
358 1883 716 1973 monasterii;&uthoc
733 1885 865 1955 firmiter
881 1883 1087 1957 observatum
1104 1911 1264 1978 teneatur,

181 1999 347 2074 constituit
366 2000 519 2073 dominus
538 2002 642 2100 Hugo
666 1998 827 2072 secundus
844 2002 929 2072 Prior
945 2027 982 2071 ut
997 2005 1089 2075 omni
1105 2028 1194 2074 anno
1211 2001 1268 2074 da-

182 2142 267 2189 retur
283 2115 408 2188 custodi
424 2114 566 2189 ecclefiae
584 2142 687 2187 unum
706 2113 868 2187 sestarium
885 2114 927 2189 de
944 2116 1120 2206 frumento,
1139 2117 1184 2189 ob
1202 2120 1266 2190 hoc

183 2257 220 2303 ut
234 2233 299 2330 ipse
319 2230 442 2302 sacrista
455 2230 496 2302 de
512 2232 663 2302 luminari
680 2230 799 2303 habeat
810 2257 934 2301 curam.

207 1314 329 1611 'S‘
354 1308 466 1380 clue
483 1310 634 1381 volumus
648 1308 759 1379 fideles
781 1311 844 1379 Dei
861 1307 953 1405 quod
971 1309 1124 1381 dominus
1134 1309 1266 1382 Vu'dlel-

183 2523 1265 2575 ὣῶὢὣῷὢῶὣῶὣῶὢῶὣῶἃὣῶὣῶὣῶὣὣῶὣῶὢῶὣῶὣῶὣῶῶὣῶὣῶὣ

363 2835 421 2901 71.
442 2815 533 2882 Curru
552 2817 667 2880 domini
679 2815 820 2904 edrenuifi
832 2817 868 2880 de
886 2840 942 2882 uno
959 2817 1078 2882 currilo.

678 3001 782 3064 run)

204 3253 218 3311 ss‘
256 3231 340 3330 {jd
360 3209 435 3278 CO
452 3205 626 3279 Atenulfus
650 3204 741 3278 dono
765 3205 863 3278 beato
885 3210 1022 3305 principi
1047 3205 1268 3304 apostolorum

256 3322 332 3433 Ji*
361 3324 496 3394 Petro&
507 3321 680 3392 monachis
694 3319 966 3392 cluniacensibus
983 3320 1072 3417 apud
1088 3323 1270 3391 Dominam

210 3530 214 3533 Δ
280 3387 337 3502 'ji
360 3436 643 3511 commorantibus
653 3436 824 3534 aliquidde
834 3435 1018 3509 haereditate
1027 3462 1103 3508 mea
1118 3439 1269 3508 curtilum

184 3557 303 3629 scilicet
321 3582 424 3627 unum
441 3555 534 3651 supra
545 3555 649 3649 ripam
666 3550 810 3624 fluminis
828 3553 916 3624 lsarae
933 3549 1126 3623 residentem
1146 3554 1270 3625 invilla

182 3698 256 3770 quae
273 3675 460 3743 nominatur
478 3671 625 3740 Domina
642 3667 685 3739 ad
696 3692 828 3764 portum
847 3671 991 3755 navium,
1007 3693 1045 3739 ea
1055 3665 1206 3740 videlicet
1221 3696 1270 3741 ra-

185 3792 274 3859 tione
293 3812 328 3858 ut
345 3786 464 3859 abhoc
483 3784 534 3856 die
548 3784 671 3855 faciant
683 3784 837 3855 monachi
853 3790 922 3874 jam
935 3785 1096 3854 nominati
1111 3782 1272 3880 quidquid

184 3933 224 3976 ex
242 3933 282 3976 eo
299 3906 466 4001 placuerit.
497 3904 591 3974 Facio
608 3926 718 3972 autem
735 3901 798 3971 hoc
817 3898 943 3971 donum
960 3926 1020 3996 pro
1037 3901 1136 3972 salute
1154 3904 1270 3972 animae

183 4047 266 4092 meae
280 4026 313 4091 &
331 4023 438 4091 uxoris
455 4045 536 4091 meae
547 4016 722 4104 Hizabeth,
735 4017 875 4087 filiorum
893 4042 1042 4087 meorum
1055 4020 1271 4111 omniumque
