3144 5062
515 476 745 567 Cartulare
768 474 823 567 de
845 477 1049 566 Domina.
1247 474 1329 593 187

444 653 717 661 ---——.—.....

238 718 323 789 hanc
335 716 437 814 ipsam
445 715 677 789 cabannariam
685 719 834 790 eumalio
844 741 916 790 toto
925 718 1052 789 honore
1060 743 1160 814 quem
1168 721 1202 788 in
1212 716 1329 789 Savoia

237 829 384 903 habebat
399 858 460 928 pro
473 834 582 902 anima
595 833 650 903 sua
666 832 710 903 ad
726 833 820 903 suum
832 832 947 922 finem,
961 835 996 903 in
1014 832 1189 930 conspectu
1203 830 1331 904 domini

238 947 393 1044 Hugonis
401 946 545 1042 episcopi
557 949 592 1016 &
604 945 730 1018 domini
740 948 906 1045 Cuigonis
916 949 1059 1034 comitis,
1076 944 1273 1018 monasterio
1285 945 1327 1017 de

241 1063 390 1132 Domina
406 1064 532 1160 integre
545 1087 623 1132 cum
633 1063 695 1133 suis
708 1059 863 1133 omnibus
881 1065 1082 1159 pertinentiis
1100 1060 1245 1133 donavit.
1258 1060 1330 1134 Post

239 1185 330 1269 cujus
339 1177 467 1248 obitum
480 1204 558 1248 cum
567 1178 739 1249 Rolannus
752 1178 936 1249 monachus
944 1177 1122 1249 cellerarius
1131 1176 1172 1249 de
1183 1179 1330 1248 Domina

238 1295 273 1361 in
282 1292 398 1363 Savoia
407 1293 498 1380 effer,
510 1290 708 1388 supradictus
716 1291 909 1362 Vuillelmus
918 1290 959 1363 de
969 1290 1154 1389 Aquabella
1164 1292 1230 1363 hoc
1238 1290 1331 1387 quod

238 1407 359 1481 habere
368 1406 580 1479 videbaturin
588 1405 950 1504 praedictacabannaria
958 1410 1001 1496 ei,
1012 1401 1045 1478 in
1055 1407 1223 1503 praesentia
1231 1411 1332 1478 Ame-

241 1521 294 1594 dei
310 1523 467 1593 monachi
484 1520 524 1592 de
542 1524 636 1593 Bono
653 1522 776 1593 Vilario
792 1526 827 1593 δε
840 1521 950 1593 Riserii
961 1526 996 1593 δι
1010 1521 1067 1592 filii
1077 1522 1123 1592 sui
1140 1523 1221 1592 Petri
1232 1546 1330 1617 atque

240 1643 392 1737 conjugis
410 1641 473 1711 suae
490 1619 563 1711 filia
580 1637 750 1710 Adalberti
766 1664 901 1736 quoque
918 1638 1097 1736 presbiteri,
1118 1638 1266 1710 &fratris
1285 1639 1331 1709 sui

243 1748 411 1839 Christini,
421 1751 749 1824 donavit&laudavit
755 1751 953 1825 monasterio
962 1751 1004 1823 de
1013 1751 1332 1849 Dominaperfidem

242 1870 277 1937 δε
293 1864 360 1937 fine
379 1866 471 1955 dolo,
491 1870 536 1938 ita
557 1893 593 1939 ut
609 1867 765 1966 deinceps
791 1895 897 1965 neque
921 1869 973 1939 ille
995 1895 1104 1965 neque
1128 1871 1332 1966 propinquus

241 1987 311 2072 ejus
328 1980 452 2076 aliquid
473 1984 506 2051 in
523 2007 564 2053 eo
582 1985 724 2078 requirat
741 1984 793 2056 vel
816 1984 1016 2055 calumniam
1033 1986 1173 2082 ingerat.
1190 1981 1330 2078 Qodsr

240 2094 347 2167 facere
363 2096 609 2193 praesumpserit,
623 2101 861 2195 omnipotentis
874 2101 938 2170 Dei
954 2101 1036 2170 iram
1044 2102 1199 2194 incurrat,
1219 2096 1277 2170 nisi
1290 2097 1332 2168 ad

242 2206 513 2280 emendationem
535 2235 717 2307 congruam
735 2214 870 2282 venerit.

291 2311 448 2395 Laudavit
458 2327 558 2395 etiam
575 2326 640 2396 hoc
660 2322 787 2396 donum
800 2326 1051 2397 uxorVuillelmi
1061 2325 1333 2399 [mabethacfilii

242 2461 358 2507 eorum
366 2437 559 2509 Vuillehnus
571 2441 606 2508 &
615 2440 757 2510 Pontius.

291 2553 350 2622 Pro
362 2553 428 2624 hoc
446 2551 538 2625 dono
555 2552 672 2625 habuit
684 2554 856 2651 praedictus
872 2556 1066 2628 Vuillelmus
1078 2560 1195 2656 viginti
1212 2582 1334 2630 novem

243 2665 372 2738 solidos.

249 2882 1332 2939 ὣῶὣῶὢὢῶὣ(ἐῶὣῶὢὣῶᾢῶὢῶὣῶὢῶὣῶὢῶῶθῷὣῶὣῶὣῶὣῶὢῶὣ

245 3307 248 3313 .
366 3227 447 3305 213.
467 3213 559 3280 Certa
577 3213 705 3304 Qdulfi
722 3215 759 3280 de
781 3215 900 3308 Tedefio
914 3217 951 3281 de
964 3218 1079 3283 duobus
1095 3223 1211 3310 mansts.

266 3516 282 3531 »
317 3476 402 3593 {fd
420 3473 495 3544 GO
518 3472 678 3545 Rodulfus
702 3475 795 3545 miles
813 3476 993 3572 appellatus
1018 3476 1059 3549 de
1076 3476 1215 3550 Tedesro
1231 3479 1335 3553 reddo

318 3588 394 3697 ᾖ
406 3607 407 3612 ’
420 3587 650 3685 memetipsum
661 3589 810 3660 Domino
820 3591 1065 3663 De0&sanctis
1075 3590 1227 3689 apostolis
1244 3597 1335 3669 Petro

321 3649 401 3764 ”Ji
420 3707 454 3773 ὅ(
468 3703 566 3773 Paulo
579 3701 622 3772 ad
639 3701 869 3774 monasterium
887 3703 928 3776 de
947 3708 1108 3796 Domina,
1128 3713 1162 3779 ὅ(
1180 3713 1334 3807 quiascio

246 3815 374 3889 obitum
386 3819 785 3914 meumappropinquare‚
796 3818 914 3892 devote
928 3821 1066 3918 suscipio
1075 3822 1225 3898 habitum
1236 3828 1336 3900 sancti

246 3932 411 4003 Benedicti
433 3960 493 4030 pro
519 3933 617 4002 salute
643 3935 761 4004 animae
785 3960 880 4024 meae,
905 3934 1062 4033 donoque
1084 3940 1242 4036 praedicto
1260 3971 1334 4015 mo-

247 4047 383 4121 nasterio
401 4049 483 4120 duos
502 4048 631 4120 mansos
645 4051 678 4118 ὃ(
692 4047 884 4122 dimidium:
912 4077 1018 4124 totum
1035 4055 1186 4130 videlicet
1201 4059 1335 4131 alodum
