3144 5062
421 473 651 566 Cartulare
674 475 728 567 de
751 480 953 569 Domina.
1152 512 1227 602 155

144 748 1232 807 obededooeuooodsoooeoooooodooodoooeoooeooo

364 1069 442 1140 180.
466 1074 558 1140 Curta
576 1075 612 1140 de
631 1099 687 1141 uno
705 1076 813 1143 cortilo
830 1080 861 1142 in
881 1075 1012 1171 Tedefio.

161 1415 177 1462 5
213 1405 249 1466 1²,
261 1385 297 1484 ἆ
316 1365 391 1436 CO
405 1368 447 1435 Α.
459 1363 616 1462 presbiter
624 1365 795 1463 quondam
804 1365 939 1438 Geraldi
951 1366 1034 1438 filius
1047 1394 1107 1465 pro
1117 1368 1233 1440 decem

214 1482 289 1589 525<
316 1482 351 1550 &
370 1503 448 1551 octo
470 1477 629 1551 solidis&
652 1480 706 1550 sex
732 1479 870 1552 denariis
896 1479 1076 1577 quemdam
1100 1483 1233 1554 hortum

217 1543 296 1685 ‘fi
318 1592 411 1666 trado
435 1594 605 1666 [antelmo
622 1592 803 1691 presbitero
820 1594 1002 1668 Mainoardi
1019 1595 1086 1669 filio
1102 1598 1233 1693 ejusque

139 1710 226 1781 fratri
243 1713 300 1807 qui
321 1710 486 1806 supererit,
508 1708 562 1778 tali
575 1707 691 1799 modo,
712 1733 873 1806 quatenus
889 1709 968 1781 dum
985 1713 1094 1782 vixero
1110 1711 1234 1808 filiique

137 1827 215 1913 mei,
227 1824 368 1896 ffliorum
376 1824 499 1919 filiique
512 1849 676 1913 meorum,
688 1825 818 1920 pertale
831 1824 993 1896 servitium
1006 1824 1098 1922 quod
1110 1825 1152 1896 de
1170 1826 1233 1896 hoc

138 1937 403 2037 hortoprocedit‚
415 1937 874 2036 habeamus&poffideamus.
886 1940 1129 2037 Exquoscilicet
1139 1941 1235 2013 horto

136 2082 198 2153 pro
221 2060 331 2128 me&
352 2081 412 2152 pro
436 2057 518 2125 meis
543 2053 626 2127 duos
651 2053 766 2126 reddet
783 2081 937 2128 nummos
958 2058 992 2126 in
1018 2058 1160 2128 Comitis
1177 2082 1234 2128 va-

136 2197 231 2242 ceam
243 2173 297 2263 (1)
310 2196 368 2267 per
375 2195 482 2240 annos
492 2166 646 2266 singulos.
659 2168 762 2263 Qod
776 2167 890 2240 fiforte
904 2172 1046 2241 evenerit
1061 2169 1152 2266 quod
1169 2196 1235 2270 ego

136 2287 311 2361 &filiimei
327 2287 489 2357 servitium
506 2283 640 2355 reddere
659 2310 727 2357 non
747 2286 926 2376 valeamus,
946 2312 1025 2357 avus
1047 2313 1140 2357 meus
1157 2287 1233 2357 ber-

137 2404 256 2476 nardus
269 2404 401 2500 ejusque
410 2402 479 2491 filii,
492 2401 572 2472 dum
585 2405 734 2491 vixerint,
746 2400 892 2473 habeant
903 2407 938 2475 &
950 2401 1146 2500 poffideant.
1164 2400 1234 2475 Post

136 2546 278 2594 mortem
285 2546 394 2590 meam
401 2544 618 2615 meorumque
626 2518 1234 2616 filiorum&avimeibernardiejusque

136 2638 290 2724 filiorum,
309 2638 389 2734 ipse,
405 2638 525 2731 cuique
539 2633 581 2705 ab
598 2636 653 2705 illo
665 2634 840 2732 praestitum
858 2636 964 2724 fuerit,
985 2639 1123 2708 omnino
1140 2638 1234 2708 suum

138 2753 220 2824 vesse
237 2751 392 2848 deinceps
404 2754 438 2821 in
456 2775 652 2848 perpetuum
668 2750 777 2821 faciat.
799 2752 852 2822 lile
871 2777 981 2823 autem
992 2754 1110 2852 ,hortus
1122 2778 1237 2825 manet

139 2871 171 2937 in
190 2893 279 2966 pago
292 2863 445 2953 Tedesro,
461 2866 541 2935 tales
554 2863 681 2936 habens
698 2869 963 2939 terminationes:
984 2894 1003 2938 a
1018 2867 1151 2939 meridie
1162 2873 1234 2966 qui-

138 2985 216 3056 dam
233 2986 359 3074 hortus,
379 2983 421 3054 ab
442 2985 567 3053 oriente
583 2986 667 3054 rivus
685 2982 834 3080 quidam,
853 2982 897 3055 ab
914 2985 1089 3058 occidente
1109 2990 1144 3058 &
1161 2987 1233 3084 sep-

142 3101 303 3169 tentrione
315 3100 367 3169 via
380 3095 544 3192 quaedam.
567 3097 665 3167 Hanc
678 3120 790 3167 autem
803 3096 1019 3168 donationem
1028 3099 1190 3171 confirmo
1199 3102 1234 3170 ἃ

140 3212 278 3312 defigno
297 3216 332 3285 δι
353 3239 431 3283 avus
456 3239 550 3282 meus
575 3212 755 3283 Bernardus
772 3215 828 3309 qui
847 3209 932 3283 testis
948 3217 983 3285 &
995 3212 1125 3284 infimul
1140 3213 1234 3287 dator

139 3355 216 3400 cum
241 3329 312 3399 filiis
329 3329 404 3417 suis,
425 3328 480 3398 tali
500 3352 600 3424 pacto
619 3328 738 3424 talique
760 3327 993 3425 subscriptione
1021 3329 1142 3426 absque
1168 3332 1233 3402 ulia

139 3441 374 3542 conquestione
392 3444 461 3514 haec
479 3467 568 3513 carta
581 3443 674 3513 firma
685 3469 888 3539 permaneat.

174 3717 209 3779 (r)
224 3718 260 3763 Sic
274 3717 295 3762 in
310 3715 432 3762 veteribus
442 3729 514 3760 manu
526 3714 616 3775 scriptis
626 3728 666 3760 co·
706 3730 761 3761 nam
774 3725 855 3762 autent
868 3718 977 3762 Comites
992 3725 1047 3762 tunc
1058 3719 1173 3778 temporis
1183 3717 1231 3764 effi-

138 3801 232 3848 dicibus
244 3801 305 3865 legi3
318 3800 356 3847 sed
367 3799 425 3860 quid
440 3798 480 3845 sibi
491 3798 537 3844 vuit
550 3799 589 3845 ista
602 3814 662 3844 vox:
705 3802 769 3863 giem
783 3800 847 3847 sumn
861 3804 964 3848 nummis
976 3803 1155 3863 apposuerunt?
1164 3805 1230 3864 quorl

140 3883 253 3935 vuceum?
705 3889 742 3932 vix
755 3901 783 3933 nc
797 3903 827 3933 ne
840 3889 876 3934 vix
890 3888 989 3948 quidem
1000 3903 1069 3952 reges
1078 3904 1108 3935 eo
1121 3897 1231 3951 tempor«-

174 3978 208 4020 Αιι
228 3974 375 4038 legendum:
398 3986 504 4018 nummos
526 3971 549 4018 in
567 3970 664 4018 Comitis
707 3972 821 4019 fecerunt.

141 4061 238 4117 tiniam,
251 4061 322 4120 idest,
333 4056 364 4107 ud
371 4058 470 4107 Comitis
480 4057 580 4124 rffigiem
589 4055 600 4105 ‚⁷
608 4061 665 4120 Qu·
