3144 5062
431 468 530 539 Index
548 471 722 545 nominum
738 477 828 562 juxta
846 493 1006 539 cartarum
1025 469 1148 542 seriem.

243 671 380 719 Durannus.

242 758 402 807 Humbertus.
434 759 510 825 3lrat.

242 845 393 894 Lamberlus.

241 929 388 994 Vuillelmus,
402 933 500 980 villicus.

242 1015 318 1063 Odol
329 1017 361 1065 de
369 1019 492 1083 Auriatge.

242 1102 379 1151 Torrencus
387 1105 419 1151 de
428 1106 507 1152 Polla.

242 1187 329 1235 Alvilus
340 1190 371 1236 de
384 1191 498 1237 Domina.

242 1272 389 1335 Vnillelmus,
400 1275 537 1336 presbyter.

490 1376 529 1426 30.

241 1444 386 1492 Alamannus
394 1446 426 1492 de
434 1448 557 1511 Aurialge.

241 1529 388 1591 villielmus,
406 1532 482 1593 miles,
497 1532 586 1580 villicus
602 1532 726 1580 Alamanni
741 1533 773 1579 de

275 1619 398 1682 Auriatge.

489 1721 498 1769 3
508 1721 528 1750 ι,

241 1787 388 1850 Vualdrada,
399 1789 485 1837 nobilis
493 1797 613 1836 matrona.

241 1874 348 1921 lurento.

241 1960 394 2008 Alamannus.

241 2046 395 2108 Amblardus,
406 2048 513 2096 incertus.

241 2133 401 2194 Humbertus,
416 2134 525 2183 incenus.

425 1933 437 1965 2
449 1919 489 1980 lr.,
501 1918 539 1966 filii
548 1918 707 1974 Vualdradru.

507 2237 529 2269 2.

239 2305 357 2353 Ainardus
364 2307 395 2367 ll,
405 2239 510 2369 Verulul,
518 2309 547 2355 [ν.
557 2310 630 2355 Pontii
640 2308 658 2354 l.

240 2392 659 2455 Fecenna‚mat.liardideVorappia.

240 2479 337 2525 Pontius
346 2479 357 2525 Ι
365 2480 491 2541 Amardus,
499 2479 630 2531 lr.Ainardi
641 2480 672 2541 Η,
684 2475 770 2528 Veruli.

240 2562 333 2611 llardus
340 2565 371 2612 de
381 2567 512 2628 Vorappia,
522 2565 583 2613 filius
595 2567 717 2614 Fecennae.

240 2650 320 2714 Guigo
332 2651 363 2697 de
377 2652 459 2699 Podio.

241 2736 390 2798 Geroardus,
405 2738 513 2785 incertus.

239 2821 465 2890 ArbertusCraffus‚
478 2831 548 2886 pater
562 2819 673 2872 lsardidc
683 2823 769 2873 Suada

273 2907 373 2958 θνῖανὶα.

240 2995 332 3042 llardus
344 2990 373 3042 de
387 2993 474 3043 Soneio
490 2995 584 3058 Morio,
599 2996 660 3043 filins
676 2996 770 3044 Arbertl

274 3078 354 3144 Croffi.

238 3167 356 3214 Ainardus
368 3167 475 3215 blancus.

240 3252 328 3301 Alvilus
339 3249 368 3302 de
380 3254 494 3301 Domina.

238 3341 316 3404 Vulgo
330 3339 410 3388 Abba.

488 3444 513 3492 3³
523 3463 527 3472 ·

238 3514 326 3578 Vulgo,
341 3528 433 3574 comes,
446 3513 489 3574 lll,
499 3509 631 3579 delphinus.

239 3601 339 3665 Regina.
747 3665 750 3670 Ι

239 3687 330 3734 lsardus
340 3687 371 3734 de
380 3687 512 3749 Vorappia,
527 3687 586 3735 filins
598 3689 720 3737 Fecennae.

240 3775 355 3833 Fecenna,
368 3781 446 3820 mater
455 3773 525 3820 llardi
536 3774 567 3821 de
578 3774 709 3837 Vorappio.

672 2327 770 2425 n...

662 3571 675 3603 2
685 3562 748 3622 conj.

240 3862 322 3925 llugo,
333 3861 400 3907 l’rior
408 3861 440 3907 de
450 3861 563 3907 Domina.

237 3949 305 3995 berlo
313 3948 344 3994 de
353 3947 484 3995 Moirenco.

240 4035 353 4082 liodullns
361 4035 392 4080 de
403 4035 444 4079 Aia
455 4032 501 4095 (vel
510 4033 541 4078 de
555 4034 624 4094 laid,
636 4050 657 4080 v.
673 4035 721 4096 18).

239 4121 376 4168 Vnillulmus
387 4122 418 4167 dr·
430 4120 583 4166 Callinatico.

1264 488 1336 566 279

800 671 881 736 Vulgo
892 671 1020 718 Guarinus.

800 757 880 822 Vulgo
890 757 922 804 de
934 757 1048 822 Grangis.

801 841 1025 908 VulgoCalvienlrs.

1048 944 1087 994 3⁴·

801 1014 933 1080 Rostagnus
942 1010 971 1062 de
983 1015 1113 1081 Voruppio.

800 1103 916 1149 lecenna.

800 1188 891 1235 llardus
899 1188 931 1235 de
939 1189 1070 1250 Vorappia‚
1078 1186 1138 1234 illius
1146 1188 1256 1254 Rostagni
1265 1197 1285 1237 ει
1295 1191 1333 1238 le·

832 1288 925 1321 cennae.

800 1361 892 1421 Petrus,
903 1360 970 1407 l’rior
979 1361 1011 1406 de
1021 1360 1135 1407 Domina.

800 1444 949 1507 Geroardus,
962 1445 1070 1492 incertus.

798 1531 903 1578 loannes
915 1530 1074 1579 Caballarius.

800 1616 891 1664 lsardus
908 1612 937 1664 de
948 1615 1036 1665 Soneio
1050 1617 1144 1677 Morio,
1162 1616 1223 1670 filius
1235 1618 1328 1666 Arborii

835 1698 916 1765 Croffi.

799 1789 915 1836 Arbertus
927 1785 1029 1854 Craffus,
1042 1795 1111 1850 pater
1119 1788 1190 1836 llardl
1202 1784 1231 1837 de
1242 1788 1329 1837 Soulia

832 1874 923 1922 Maria.

799 1960 924 2021 Arbertus,
939 1955 1009 2020 alius,
1020 1958 1081 2008 filius
1090 1961 1185 2008 Ainardi
1195 1961 1228 2022 ll,
1241 1958 1329 2009 Verull.

799 2041 1329 2110 Ainardusll,Verulus‚paterArbertilupra.

799 2131 950 2192 Nantelrnus,
961 2130 1067 2179 incertus.

1047 2231 1086 2282 35·

1144 1072 1156 1104 2
1167 1059 1230 1120 conj.

799 2306 929 2352 Rainerius.

798 2391 916 2452 Aquilino.

797 2477 918 2526 Artaldns.

798 2563 941 2612 Umbertus.

798 2649 864 2714 Ugo

798 2735 880 2796 Odilo,
891 2743 960 2797 pater
970 2737 1047 2787 abbas
1055 2740 1225 2791 cluniacensis.

1047 2828 1087 2889 36.

940 2329 1046 2437 reor·

974 2538 982 2587 3
996 2521 1037 2583 lr.‚
1048 2522 1086 2569 filii
1096 2525 1197 2573 Rainerii

1000 2615 1021 2655 la
1032 2609 1157 2670 Aquilinae.
1236 2618 1239 2623 '

797 2908 905 2955 larento.

798 2993 924 3043 Adaldllra.

797 3081 905 3129 Jarento.

798 3168 948 3219 Nantelrnus.
959 3105 968 3213 l

798 3255 894 3304 Pontius
903 3258 914 3304 l
922 3260 1047 3307 Ainardus.

797 3342 943 3406 Torrencus,
956 3344 1063 3393 incertus.

796 3429 913 3477 Ainardus
924 3430 1031 3479 blancus.

796 3510 1044 3564 AlvilusdeDomino.

796 3600 943 3662 Vuillelmns,
952 3603 1088 3665 presbyter.

796 3688 879 3752 Hugo,
892 3687 959 3735 l’rior
971 3688 1002 3735 de
1015 3689 1128 3737 Domina.

795 3772 874 3837 Vulgo
886 3772 1024 3821 Calvienlrs.
1149 3757 1156 3772 ’

796 3859 920 3917 Ricardus,
933 3860 1176 3922 Gratianopolitanus.

796 3944 917 3991 Alenullus
929 3946 960 3992 de
969 3946 1065 3993 Varcia.

796 4030 932 4077 Desiderius
943 4031 975 4077 de
985 4031 1137 4081 Cailrnallcn.

796 4117 914 4162 Carcinus
922 4116 954 4163 de
965 4115 1049 4163 Tolco.

935 2932 1042 3040 ina·

980 3129 1234 3189 unumunurn.
