3144 5062
459 445 691 542 Cartulare
712 448 769 542 de
788 455 994 546 Domina.
1192 490 1270 580 ¹¹5

922 635 1278 645 ——-—--———-—.—-

181 688 364 784 reciperent
384 716 463 760 eum
479 690 523 762 ad
545 695 751 765 monachum
770 694 984 786 faciendum3
1011 696 1104 793 quod
1125 696 1150 770 st
1168 702 1203 771 in
1221 700 1277 773 illo

179 831 378 895 remaneret,
396 834 530 906 propter
546 812 611 882 hoc
631 837 805 909 nunquam
824 813 981 911 praedicta
999 814 1199 889 eleemosrna
1216 844 1277 889 au-

180 920 315 994 ferretur
339 950 359 994 a
382 923 600 1012 monasterio,
624 925 680 998 sed
701 924 824 1000 stabilis
845 934 880 1001 &
904 930 998 1002 firma
1021 934 1056 1002 in
1081 958 1277 1032 perpetuum

180 1038 303 1136 absque
323 1042 388 1113 ulla
404 1044 570 1115 calumnia
585 1071 804 1142 permaneret.

229 1161 261 1230 S.
278 1161 479 1234 Vualterii&
493 1168 601 1236 uxoris
617 1173 688 1258 ejus
704 1165 879 1239 Tolomeae
891 1171 946 1263 qui
963 1169 1050 1241 hanc
1067 1193 1192 1241 cartam
1210 1170 1279 1241 sieri

178 1275 346 1368 jusserunt.
367 1279 399 1349 S.
416 1280 588 1352 Nantesmi
604 1283 775 1354 Torrenci.
798 1284 831 1353 S.
850 1285 954 1356 Pontii
973 1283 1132 1378 Aynardi.
1149 1285 1181 1355 S.
1199 1285 1277 1356 Ret-

180 1391 274 1463 nardi
291 1394 439 1466 Caldini.
457 1397 489 1467 S.
506 1397 674 1469 Vuillebni
691 1398 874 1496 presbiteri.

179 1706 1277 1764 ὢῶὣῶὣῶὢῶὢῶὢῶῶῶὣῶὢῶὣῶὣῶὣῶῶῶὢῷᾣῶῶῶῷὠῶὣῶὢῶὣῶ

352 2033 431 2113 133.
451 2019 544 2086 Carra
558 2017 713 2086 Guusterir'
724 2019 850 2086 essoris
861 2021 899 2085 de
911 2021 1114 2088 conventione.

272 2338 440 2409 <culn
467 2338 572 2437 Hugo
590 2340 676 2410 Prior
695 2336 738 2409 de
758 2339 906 2410 Domina
921 2341 1057 2409 retinuit
1072 2339 1278 2411 Vualterium

362 2452 519 2525 Abonem
539 2451 583 2524 de
598 2453 687 2524 sexta
698 2477 791 2551 parte
802 2452 924 2525 decimi
945 2480 1046 2551 quam
1069 2454 1185 2554 Guigo
1203 2456 1276 2527 Ge-

193 2567 225 2641 s.
362 2570 473 2644 raldus
489 2570 627 2643 donavit
649 2575 684 2642 &
702 2569 822 2642 dimistt
840 2573 992 2645 Domino
1012 2574 1087 2645 Deo
1108 2578 1144 2646 δι
1160 2574 1279 2647 sanctis

180 2687 335 2788 apostolis
352 2693 444 2763 Petro
465 2693 500 2760 δι
518 2688 630 2778 Paulo,
646 2686 768 2759 decimi
783 2688 906 2760 scilicet
922 2691 957 2761 in
974 2691 1148 2788 parrochia
1166 2691 1278 2765 Sancti

180 2807 332 2894 Joannis,
346 2808 382 2876 in
399 2807 466 2876 vita
481 2801 627 2897 ejusdem
638 2803 814 2894 Gualterii,
832 2805 890 2875 tali
906 2808 1132 2879 conventione
1153 2830 1189 2877 ut
1205 2806 1280 2904 post

181 2929 399 3015 mortemejus
407 2944 579 2992 remaneat
588 2917 631 3011 ad
639 2919 875 2992 monasterium
881 2919 1005 3018 absque
1019 2921 1085 2993 ulla
1096 2922 1275 2994 calumnia.

181 3037 218 3108 Et
224 3061 358 3135 propter
367 3037 433 3107 hoc
442 3032 693 3131 debetrecipere
709 3035 896 3108 monachos
904 3036 939 3107 in
951 3035 1125 3108 refectorio
1138 3034 1180 3106 de
1191 3063 1278 3134 pane

180 3154 301 3224 &vino
311 3155 346 3223 ἃ
357 3148 441 3221 sabis
452 3153 487 3221 ἃ
496 3147 636 3246 piscibus
645 3154 679 3220 &
689 3150 867 3246 pulmento
879 3152 914 3220 in
928 3148 1099 3224 festivitate
1113 3153 1279 3224 Omnium

179 3267 375 3338 Sanctorum
386 3297 397 3354 3
407 3269 442 3336 &
450 3289 583 3362 propter
591 3265 657 3336 hoc
666 3262 758 3336 dedit
766 3267 797 3336 ei
806 3266 892 3337 Prior
901 3263 959 3363 ipsr
967 3266 1140 3337 Gualterio
1150 3268 1279 3338 tertiam

179 3406 306 3479 partem
321 3383 389 3455 vini
406 3378 571 3479 praedictze
586 3380 767 3478 parrochiae
781 3406 884 3477 quam
897 3384 932 3452 in
945 3381 1098 3454 dominio
1116 3380 1274 3454 habebat.

231 3495 344 3569 Testes
356 3496 447 3568 sunt:
459 3495 707 3570 Vuodalbertus
720 3497 893 3595 presbiter,
903 3498 1100 3570 Vuiilelmus
1113 3497 1277 3586 scolarius,

186 3615 290 3684 Panus
306 3611 476 3709 presbiter.
