3144 5062
462 500 694 591 Cartulare
716 497 770 589 de
794 502 996 590 Domina.
1183 499 1192 520 '
1223 531 1272 621 35

358 676 479 683 ...——-—
492 678 553 683 -.-
563 678 604 684 ..-
615 678 797 684 .-.—--—---
813 679 848 684 ...u
860 680 884 684 ,Η
905 677 1026 685 ---.-

184 764 362 835 antequam
374 740 489 811 census
505 748 575 833 ejus
587 738 765 811 dividatur:
782 739 840 837 ipsr
851 768 929 813 vero
938 768 1014 813 cum
1024 743 1122 813 censu
1135 743 1192 814 suo
1200 769 1277 814 eum

184 858 353 952 recipiant,
373 854 397 926 sr
416 881 527 927 autem
544 857 679 928 censum
697 883 765 927 non
784 856 949 945 habuerit,
970 855 1110 929 similiter
1125 885 1202 929 eum
1219 860 1280 930 ho-

187 971 321 1042 norifice
339 975 373 1043 &
393 970 565 1070 diligenter
581 976 750 1068 recipiant.
834 1010 838 1018 ·

185 1287 1274 1338 ὢῶὣῶὢῶὣῷὣῶὢῶὢῶὢῶὦῶὢῶὣῶὣῶὣῶὣῶὦῶὣῶὣῶὢῶὢῶὢώᾥ

236 1664 293 1745 31.
316 1651 407 1718 Curru
426 1652 553 1717 dominia
566 1650 755 1718 vualdradn
773 1652 810 1717 de
826 1651 929 1719 Malo
951 1649 1083 1745 Confisio
1095 1653 1132 1717 de
1148 1656 1234 1717 vinea

561 1766 591 1833 ὸ
593 1766 722 1855 salcetis
738 1766 768 1833 θ
785 1767 913 1834 curtilis.

207 2040 253 2132 *ᾗ
318 2054 345 2137 r·
367 2033 397 2103 N
416 2034 550 2102 nomine
569 2033 737 2130 Unigeniti
753 2033 810 2103 sisii
823 2034 888 2103 Dei
899 2059 965 2131 ego
972 2031 1160 2103 Vuasdrada
1176 2035 1283 2103 omni·

242 2214 248 2236 ,
285 2192 302 2233 3,
366 2149 509 2242 potentis
523 2148 661 2217 Domini
678 2146 813 2235 famula,
826 2146 1009 2220 desiderans
1022 2148 1198 2218 multarum
1210 2174 1284 2218 om·

211 2354 214 2355 ?
313 2293 323 2300 r
367 2266 544 2360 nipotentis
557 2266 695 2335 Domini
710 2263 1000 2336 misericordiarum
1009 2263 1098 2336 dona
1110 2265 1280 2360 consequi,

186 2386 222 2453 ὅ(
237 2379 445 2453 consrderans
469 2380 647 2451 multorum
671 2404 884 2476 peccatorum
909 2407 1060 2451 meorum
1076 2383 1279 2479 gravamina,

187 2503 278 2576 dono
295 2503 403 2575 eidem
417 2506 566 2575 Domino
585 2501 694 2576 nostro
711 2508 746 2576 &
763 2503 865 2575 beatis
882 2511 952 2597 ejus
969 2501 1120 2600 apostolis
1137 2506 1230 2575 Petro
1247 2508 1282 2576 ἂ

187 2621 285 2692 Paulo
302 2618 345 2690 ad
368 2621 479 2690 iocum
500 2621 556 2715 qui
573 2619 754 2691 Cluniacus
779 2622 979 2708 nominatur,
1002 2625 1036 2692 &
1053 2618 1202 2691 fratribus
1227 2624 1283 2716 qui

187 2733 1281 2831 moranturapudDominam,quamdamhaereditatismeaevineam,

186 2878 247 2948 pro
266 2848 450 2923 remissione
466 2875 679 2948 peccatorum
700 2877 864 2939 meorum,
892 2877 951 2947 pro
977 2854 1087 2922 anima
1104 2854 1202 2947 patris
1218 2855 1284 2922 mei

186 2968 221 3036 &
237 2967 347 3035 matris
364 2990 460 3051 meae,
480 2963 621 3035 filiorum
638 2991 801 3056 meorum,
813 2963 990 3037 &fratrum
1007 2969 1283 3036 meorum&0m-

188 3083 280 3149 nium
296 3082 478 3150 amicorum
495 3105 645 3150 meorum
666 3105 702 3150 ut
726 3080 768 3152 ab
787 3106 907 3153 aeterna
924 3079 1136 3151 damnatione
1153 3082 1232 3177 eripi
1249 3084 1283 3151 &

185 3196 220 3263 in
237 3193 416 3263 electorum
432 3217 534 3290 grege
552 3193 735 3264 mereamur
747 3197 1011 3265 commemorari.
1030 3190 1078 3264 Est
1094 3217 1205 3263 autem
1218 3193 1284 3289 ipsa

185 3309 251 3378 lata
262 3311 297 3379 ἂ
314 3307 451 3402 spatiosa
467 3310 501 3378 δ(
519 3305 681 3378 uberrima
697 3311 792 3380 vinea
809 3335 911 3405 prope
922 3312 1009 3380 viam
1025 3316 1117 3401 juxta
1131 3333 1282 3405 campos,

186 3420 393 3492 subterranea
416 3421 483 3493 aliis
507 3425 609 3494 vineis
634 3425 666 3492 in
692 3423 880 3520 episcopatu
899 3422 1223 3518 Gratianopolitano,
1250 3426 1283 3492 in

188 3539 264 3609 loco
281 3537 337 3609 ubi
356 3540 543 3609 nominatur
557 3524 602 3608 ad
619 3539 744 3609 Malum
762 3538 965 3627 Consilium,
985 3536 1155 3610 ecclesram
1172 3542 1205 3609 in
1227 3540 1287 3611 ho

189 3675 267 3721 nore
293 3648 381 3720 beati
401 3634 536 3721 Joannis
554 3650 693 3740 habens,
713 3679 814 3749 quam
839 3657 970 3724 vineam
987 3678 1064 3723 cum
1082 3652 1143 3722 suis
1159 3677 1286 3748 appen-

190 3761 279 3834 diciis
296 3789 374 3834 cum
391 3762 515 3835 salcetis
531 3768 566 3836 &
591 3791 669 3836 cum
689 3769 809 3838 curtilis
830 3771 864 3838 δ(
881 3793 959 3837 cum
984 3770 1076 3838 omni
1101 3769 1285 3865 integritate

190 3880 341 3949 Domino
359 3881 434 3950 Deo
449 3877 557 3951 nossro
575 3880 725 3952 &beatis
742 3890 811 3975 ejus
825 3881 977 3979 apostolis
995 3885 1038 3953 ita
1051 3880 1149 3953 hodie
1167 3880 1283 3969 reddo,

190 4018 226 4063 ut
239 3991 361 4064 saciant
377 3992 499 4090 absque
517 3995 652 4088 alicujus
669 3996 724 4066 lite
737 3998 789 4068 ves
800 3995 1026 4093 inquietudine
1044 3996 1199 4066 monachi
1218 3998 1288 4067 Do

191 4112 283 4181 mino
303 4112 378 4182 Deo
396 4114 428 4181 in
450 4109 624 4204 jamdicto
642 4113 719 4184 loco
738 4114 922 4203 servientes,
944 4111 1023 4209 quid
1042 4110 1099 4184 sibi
1117 4113 1283 4208 placuerit.
