3144 5062
381 442 577 519 Gloffarium
593 445 635 516 ad
652 442 744 517 usum
759 447 935 518 Cartularis
950 445 992 517 de
1009 448 1166 519 Domina.
1239 468 1308 549 425

270 649 337 712 bent,
349 651 400 697 trin
413 651 460 697 troc
469 648 535 712 parsu
552 657 678 712 corruptas
690 662 762 697 voces
822 645 869 713 ipJe
886 646 982 715 miserat
999 647 1022 698 in
1038 645 1128 716 guadio
1144 665 1185 716 per
1202 652 1316 717 quinqua-

269 738 328 784 mihi
340 737 422 784 videre
433 736 524 784 uideor.
537 737 598 784 Vide
612 735 717 784 notulam
730 736 761 783 ad
821 734 889 800 ginta
902 731 1005 801 solidos.
1028 737 1089 785 Vide
1109 740 1232 786 Gnrrenrn.
1251 741 1313 786 Gall.

271 823 362 870 calcem
372 836 395 869 c.
405 837 433 870 nr
449 823 571 885 rejetiam.
821 834 894 887 gage.

238 911 364 956 Graeunn.
376 909 406 955 C.
419 922 478 970 129:
491 902 566 955 Valde
577 907 709 972 perterritus
716 921 764 973 pa·
789 906 913 968 Guenrrne,
927 909 1045 956 Gutnrtnt.
1055 910 1086 957 C.
1098 913 1144 956 26:
1160 906 1246 973 notra
1255 911 1317 960 uenit

270 992 356 1060 nosque
376 990 490 1060 gehenna
505 991 682 1059 pertimescens;
699 1001 720 1040 te
738 1007 761 1040 c.
823 987 855 1039 od
875 988 1061 1042 emendationem
1078 993 1101 1043 e
1116 994 1227 1061 guirpivit
1242 1006 1315 1045 totam

270 1096 335 1128 2102
348 1081 379 1128 Ut
391 1081 453 1128 Deus
469 1079 614 1144 omnipotens
626 1075 762 1145 agehenna
823 1073 883 1125 hanc
896 1075 1044 1145 injustitiam.
1056 1081 1087 1128 C.
1102 1095 1163 1139 ³²⁴²
1184 1083 1268 1130 Petrus
1284 1082 1317 1130 in·

271 1162 376 1214 incendio
397 1164 490 1214 unimus
506 1162 596 1228 noflras
615 1164 707 1230 eripiat.
726 1168 762 1214 Sic
824 1175 887 1230 tegre
902 1179 995 1213 omnem
1010 1162 1153 1215 calumniam
1164 1164 1234 1234 hujus
1245 1167 1317 1217 einea

264 1251 353 1318 sutura
353 1247 472 1318 supplicia
479 1250 500 1300 a
507 1265 583 1316 pana
587 1262 705 1317 perpetua
713 1253 763 1313 qui·
814 1245 926 1314 finivit&
934 1250 1044 1317 guirpivit
1052 1252 1075 1299 in
1085 1267 1157 1301 manu
1173 1249 1263 1302 donnini
1271 1255 1315 1302 Ar-

272 1339 317 1385 bus
326 1345 465 1400 peccatores
475 1337 588 1400 puniendi
599 1337 649 1383 sunt
661 1338 707 1384 hoc
723 1336 763 1383 de
823 1330 880 1383 berti
889 1335 983 1384 Peioris.
991 1337 1111 1403 Significat
1119 1334 1318 1404 ubscrlrereflelin-

271 1432 382 1472 notantur
392 1403 524 1481 vcicabu103
535 1425 598 1470 venit
607 1422 639 1470 ab
648 1422 761 1470 hebraica
822 1434 899 1484 quere,
911 1418 1043 1485 concedere,
1060 1438 1076 1471 n
1090 1438 1114 1473 re
1130 1435 1237 1473 contentu
1255 1422 1316 1490 defi-

269 1524 328 1558 voce
340 1523 457 1576 geennon,
470 1512 517 1557 hoc
532 1509 566 1556 eit
581 1504 761 1573 rallisfiiiarum
816 1502 887 1568 flere.
900 1506 1248 1576 Gall.ucquitter,cnnce'der,se
1259 1507 1317 1574 defi-

270 1595 425 1657 Hennon,ubi
435 1596 500 1643 locus
509 1594 573 1642 idolo
583 1594 636 1642 aaut
647 1603 698 1641 erat
707 1608 763 1641 con·
815 1588 874 1654 fler.
893 1594 956 1640 Hinc
972 1609 1018 1642 vox
1035 1595 1119 1660 gallica
1136 1591 1271 1662 de'guerpir,
1286 1592 1315 1646 de

271 1682 383 1728 sectatus.
394 1680 456 1728 Gall.
465 1677 559 1745 i'enfer.
818 1674 918 1746 poffeffu
929 1692 953 1727 re
964 1674 1080 1729 decedere.

237 1771 325 1815 Geren.
339 1768 369 1814 C.
387 1767 494 1833 233·38:
508 1766 553 1816 Sex
564 1761 647 1832 gerbas
660 1760 762 1829 (debent)
788 1764 925 1826 Guenrtno,
937 1761 1184 1829 Gurnrtrto.Relidio,
1194 1749 1316 1832 conceffio)

270 1848 760 1919 &tresdenariosdebraciuco.C.233474:

270 1939 314 1988 Sex
324 1953 433 2005 capones,
446 1937 468 1986 fr
481 1934 510 1986 de
521 1934 628 1986 bruciaco
642 1935 693 1986 odio
707 1952 762 2003 ger-

269 2022 320 2074 bas.
344 2025 381 2073 Est
397 2023 518 2091 spicarum
539 2019 680 2090 manipulus.
701 2023 762 2071 Italis

269 2107 351 2177 gerba,
363 2110 418 2177 gail.
427 2106 506 2176 gerite.

238 2199 358 2245 Gnuucrn.
375 2198 405 2244 C.
422 2212 529 2264 ²33·¹⁷³
544 2197 623 2244 Petrus
634 2209 686 2243 uero
699 2189 763 2242 dedit

271 2280 392 2332 monachis
399 2283 526 2349 grangiam
528 2279 725 2348 suam.C.a37·r
735 2297 742 2328 r
754 2298 760 2327 :

269 2370 299 2418 Et
310 2381 408 2436 mutuor
419 2365 525 2417 denarios
539 2363 606 2416 deber
620 2364 648 2416 de
659 2362 761 2432 quadarn

269 2456 381 2522 grangia.
390 2457 465 2503 Locus
474 2455 514 2502 ubi
523 2469 597 2520 grana
608 2454 761 2501 frumentaria

272 2550 292 2589 tr
305 2544 438 2607 generatim
448 2542 501 2588 anni
512 2540 592 2605 imges
600 2538 646 2587 sive
654 2538 760 2588 viduatie

272 2626 441 2675 reconduntur.
456 2625 517 2674 Gall.
526 2639 618 2691 grange
629 2624 652 2688 (a
662 2624 761 2672 vocibus

270 2727 370 2778 granum
384 2721 404 2760 tr
414 2712 504 2778 ogere).

238 2800 370 2855 Cunarum,
392 2799 579 2847 Gunnruouruu.
602 2798 632 2844 C.
656 2797 698 2844 18:
717 2796 760 2844 Cui

237 3402 366 3451 Hrneurrn.
386 3404 417 3449 C.
439 3418 501 3459 104:
521 3397 627 3450 Andreas
644 3396 760 3466 conuersus

271 3485 382 3538 heremita
392 3502 467 3536 cocus.
476 3488 491 3534 t
499 3501 558 3535 voce
564 3501 644 3552 graeca
651 3487 758 3552 ἐρῆμοσ,

270 3571 392 3640 desertum,
402 3569 517 3640 solitudo.
531 3574 568 3621 nb
586 3575 708 3621 hominum
722 3573 760 3619 io·

271 3663 356 3709 cietate
365 3660 485 3726 longinqui
494 3662 567 3707 vitam
577 3659 681 3725 agebant
693 3661 760 3707 here

271 3750 344 3810 mitae,
351 3751 374 3796 in
383 3748 551 3795 attributorum
560 3747 606 3793 Dei
615 3744 759 3808 contempla-

272 3837 359 3883 tionem
367 3834 682 3895 mentemomnquueanimi
690 3832 760 3880 iacui·
772 3888 777 3899 Ι

821 1850 876 1915 geli.
899 1846 1024 1913 abendon,
1048 1848 1140 1916 ceffion.
1163 1854 1315 1916 Quandoque

822 1936 957 1998 simpliciter
967 1932 1054 1985 donum
1071 1938 1146 2000 sonat,
1163 1946 1189 1986 ut
1206 1943 1272 2001 patet
1286 1955 1315 1988 en

821 2030 887 2070 carta
900 2039 955 2085 107,
965 2024 1005 2072 ubi
1015 2025 1141 2088 presbyter
1150 2027 1208 2074 Boio
1216 2028 1314 2076 dimittit

822 2107 879 2172 (hoc
895 2109 930 2158 est
947 2108 1031 2175 donat)
1047 2113 1163 2175 primitias
1174 2120 1195 2160 tu
1207 2113 1315 2161 decimas

823 2203 843 2242 tr
855 2194 1007 2257 poffeffiones
1018 2197 1143 2245 monachis
1160 2192 1190 2247 de
1207 2198 1314 2246 Domina

822 2279 894 2345 (nuile
907 2289 963 2329 tunc
977 2289 1029 2329 erat
1043 2283 1103 2330 inter
1115 2283 1281 2345 presbyterum
1293 2291 1314 2332 te

820 2369 953 2416 monachos
961 2367 993 2415 de
1004 2369 1040 2416 his
1049 2368 1157 2434 querela)
1165 2369 1262 2436 :Accepi
1271 2384 1316 2418 au·

821 2463 867 2501 tern
882 2467 927 2519 pro
944 2450 989 2516 ifln
1008 2454 1149 2521 guirpitione
1165 2451 1197 2504 ab
1213 2456 1316 2522 Hugone

821 2538 902 2587 'Priore
917 2553 989 2587 unnrn
1003 2535 1091 2587 mulam
1105 2538 1127 2588 tr
1143 2550 1234 2588 centuni
1244 2538 1266 2589 t>
1276 2540 1316 2588 tri·

820 2621 941 2690 ginrnsex
948 2620 1050 2690 solidos.
1064 2626 1089 2672 tn
1100 2625 1164 2674 sensu
1180 2634 1260 2674 autem
1276 2640 1313 2674 re-

820 2706 919 2758 iidionis
932 2706 986 2775 post
1000 2707 1126 2774 quereiam,
1136 2724 1159 2758 c.
1175 2712 1234 2759 108:
1246 2712 1313 2761 Hunc

820 2791 1052 2863 guirpitionemjecit
1059 2811 1103 2862 pro
1117 2794 1249 2862 uxoresua.

820 3399 893 3447 dente
908 3396 1052 3446 exstiterunt.
1072 3399 1135 3447 Inter
1149 3396 1202 3446 istos
1219 3399 1310 3448 sandius

819 3484 958 3533 Benedictus
970 3493 992 3531 tc
1001 3485 1051 3546 ejus
1064 3484 1117 3532 socii
1131 3485 1234 3548 primum
1244 3485 1308 3548 apud

818 3571 960 3620 Sublaceum
970 3566 1179 3635 (hodieSubbioco)
1187 3586 1264 3634 prope
1271 3572 1311 3619 Ti·

819 3656 865 3704 bur
880 3657 967 3705 deinde
981 3657 1045 3719 apud
1061 3656 1167 3704 Montem
1187 3656 1308 3704 cunnum

818 3746 948 3792 eminuere.
968 3742 1028 3790 Vide
1040 3744 1062 3790 in
1074 3743 1153 3791 verbis
1166 3744 1306 3791 Coruonto-

819 3843 865 3878 tun
879 3837 899 3876 tr
911 3829 1057 3876 Mouncrrus.

271 3929 331 3969 tates
350 3921 507 3968 intendentes.
527 3918 587 3966 Gall.
604 3918 691 3967 ermire.
710 3919 758 3965 Ce-
785 3918 938 3976 Honnerun,
957 3914 1167 3962 noanneane.
1185 3929 1306 3983 239·¹⁴=

271 4007 348 4055 lebret
371 4007 436 4054 fuere
456 4007 478 4053 in
500 4007 598 4052 Oriente
620 4003 757 4052 Thebaidos

272 4094 407 4152 heremita),
423 4106 523 4140 numero
538 4093 642 4138 minores
652 4092 674 4137 in
686 4091 758 4137 Occi-

818 3997 868 4067 ipse
880 4000 976 4049 Pontius
988 3996 1027 4064 (de
1042 3999 1095 4064 For)
1105 3997 1309 4067 juravityidelita·
1413 3972 1417 3977 ἡ

818 4098 862 4135 rem
883 4082 1083 4152 &hommagium
1102 4082 1214 4153 pradido
1235 4088 1307 4138 Priori

1086 4174 1165 4260 27i
