3144 5062
437 477 669 570 Cartulare
692 476 746 570 de
769 481 971 570 Domina.
1188 481 1240 603 63

154 723 228 790 Deo
246 721 280 788 δε
296 717 415 788 sanctis
431 727 502 810 ejus
524 716 679 813 apostolis
705 719 796 789 Petro
813 722 847 789 ὅ(
870 719 968 789 Paulo
985 723 1020 790 δε
1036 719 1247 792 Cluniacensr

154 832 316 906 coenobio
330 836 364 903 in
379 834 508 904 honore
521 833 615 929 supra
628 831 792 903 dictorum
806 831 1029 930 apostolorum
1046 816 1248 925 constricto,

155 950 211 1022 ubi
224 949 380 1021 dominus
397 948 503 1020 Odilo
516 947 723 1021 venerandus
736 948 840 1020 abbas
852 950 984 1046 praeeffe
996 949 1137 1037 videtur,
1148 977 1249 1023 unam

155 1069 300 1152 vineam,
319 1091 393 1161 quae
411 1062 584 1160 quondam
594 1063 656 1134 fuit
667 1061 802 1134 cuidam
814 1064 944 1134 homini
958 1068 1094 1135 nomine
1113 1067 1248 1156 Joanni,

156 1187 301 1252 &unum
312 1181 465 1251 curtilum
476 1178 519 1250 ad
526 1180 629 1276 ipsam
638 1180 770 1250 vineam
778 1178 1063 1274 tenentem,quod
1076 1179 1251 1253 estVuine-

156 1301 269 1388 ranni3
284 1299 389 1369 taliter
404 1295 606 1393 utquamdiu
619 1296 686 1392 ipse
698 1298 825 1384 vixerit,
839 1295 944 1392 ipsum
958 1296 1109 1367 curtilum
1126 1321 1249 1386 teneat,

158 1421 193 1486 ἃ
209 1413 284 1512 post
295 1413 426 1485 obitum
442 1412 525 1483 illius
543 1409 609 1483 srne
621 1409 885 1482 contradictione
899 1411 1035 1504 alicujus
1046 1409 1088 1481 ad
1102 1411 1252 1483 sanctum

160 1531 348 1628 Georgium
365 1555 403 1600 ac
418 1527 652 1600 monasterium
670 1524 711 1596 de
729 1527 878 1596 Domina
888 1524 1190 1623 habitatoribusque
1208 1527 1253 1599 ibi

160 1644 373 1716 manentibus
390 1646 568 1741 perveniat.
590 1642 730 1737 Accipio
751 1664 864 1711 autem
880 1639 923 1711 ab
941 1637 1015 1737 ipsis
1036 1643 1211 1712 monachis
1235 1669 1254 1712 a

161 1757 512 1832 Girbertovidelicet&
521 1760 644 1829 caeteris
652 1755 778 1827 ibidem
791 1754 1253 1854 degentibusvigintisolidos,

161 1876 195 1943 ὅ(
208 1899 312 1943 unum
324 1898 449 1968 equum
460 1870 627 1943 valentem
642 1872 774 1969 triginta
790 1868 923 1942 solidos.
936 1869 1167 1942 Tradoautem
1175 1870 1250 1960 illis,

164 1987 371 2075 transfundo,
390 1988 542 2060 concedo
564 1990 618 2059 tali
634 1987 754 2075 modo,
774 2012 810 2059 ut
826 1987 869 2060 ab
887 1989 951 2059 hoc
969 1987 1021 2059 die
1039 2015 1078 2060 ac
1100 1987 1256 2087 deinceps

163 2102 287 2174 faciant
303 2101 465 2199 quidquid
482 2103 588 2175 facere
601 2103 765 2175 voluerint
776 2100 963 2199 possidendi
983 2103 1038 2173 seu
1054 2103 1153 2174 liceat
1165 2131 1257 2175 com-

163 2204 326 2289 mutandi.
347 2219 379 2289 Si
400 2220 472 2314 quis
488 2243 600 2290 autem
617 2220 722 2291 homo
744 2243 802 2290 aut
824 2219 965 2292 foemina
982 2219 1079 2290 fuerit
1095 2221 1153 2316 qui
1169 2221 1255 2291 hanc

167 2333 383 2407 donationem
401 2335 640 2422 contradicere,
659 2336 711 2408 vel
727 2336 929 2407 calumniare
945 2336 1097 2421 voluerit,
1117 2362 1187 2407 non
1200 2363 1258 2409 va-

165 2451 231 2521 leat
247 2451 382 2548 implere
400 2450 492 2547 quod
505 2455 609 2548 cupit,
622 2451 678 2522 sed
691 2454 772 2522 iram
786 2454 851 2523 Dei
864 2453 1105 2549 omnipotentis
1118 2452 1260 2522 incurrat

169 2564 228 2637 nisr
249 2565 292 2637 ad
308 2565 581 2639 emendationem
594 2594 779 2666 congruam
794 2571 930 2641 venerit.

218 2682 249 2750 S.
271 2681 407 2752 Ainardi
432 2686 466 2753 δε
486 2681 649 2753 Eh'zabeth
668 2685 774 2753 uxoris
798 2690 878 2775 ejus.
896 2681 928 2751 S.
945 2682 1110 2780 Vuigonis
1129 2685 1163 2752 ὅ(
1182 2686 1261 2752 Ate-

171 2794 251 2865 nulfi
264 2795 399 2866 fratrum
415 2803 498 2887 ejus,
519 2801 553 2866 &
571 2797 728 2867 Manasse.

174 3038 1266 3089 ὣῶὢῶὣῷὣῶὣῷὣῶὢῶᾢῶῶίΐᾶὣῶὢῶὣῶὣῶὢῶὣῶὣῶὢῶὣῶᾣῶὠῶ

248 3255 305 3330 66.
326 3261 417 3328 Corra
431 3261 547 3326 domini
559 3259 718 3350 vuigonis
735 3260 772 3325 de
789 3258 897 3325 cortilo
919 3261 956 3324 de
974 3259 1027 3348 (1)
1043 3261 1189 3326 Domino.

615 3452 835 3514 (sn-nr.)

317 3849 343 3916 ἱ
362 3849 427 3942 cipi
447 3843 670 3943 apostolorum
689 3847 781 3915 Petro
800 3848 834 3915 ὅ(
851 3844 1022 3915 monachis
1038 3839 1271 3914 Cluniensrbus

185 4039 186 4051 χ
209 4040 213 4047 ἃ
362 3961 452 4061 apud
470 3963 653 4033 Dominam
672 3959 955 4032 commorantibus
972 3955 1096 4053 aliquid
1114 3955 1155 4027 de
1172 3958 1272 4027 haere-

181 4080 282 4152 ditate
291 4107 379 4167 mea,
392 4080 543 4152 curtilum
557 4078 678 4152 scilicet
688 4105 792 4149 unum
803 4087 894 4171 juxta
910 4079 1013 4174 ripam
1029 4072 1173 4146 fluminis
1186 4075 1273 4145 lsarae

185 3740 337 4029 &Fls
358 3724 434 3793 GO
446 3723 601 3820 Vuigo&
611 3748 692 3793 uxor
703 3748 779 3792 mea
787 3721 962 3792 Vuillehna
972 3719 1065 3791 dono
1075 3718 1175 3791 beato
1183 3720 1270 3791 Prin-

193 3874 225 4029 ἕ
253 3849 336 4025 :d
