3144 5062
413 473 646 564 Cartulare
669 471 724 564 de
744 476 948 564 Domina.
1146 508 1227 599 ¹59

140 651 442 658 ..—.--...——..-—
456 654 614 659 ——.
817 654 1201 662 --—.—-——-————-.-

135 718 188 788 ille
200 717 444 816 campus‚unde
454 717 610 816 praedicta
618 722 837 791 commutatio
846 716 1128 815 est‚postmortem
1137 719 1227 792 suam

136 856 305 903 remaneat
327 860 368 904 ex
388 835 518 932 integro
536 835 611 904 Deo
628 837 663 905 &
679 834 793 905 sancto
821 836 912 905 Petro
933 832 977 904 ad
997 831 1229 905 monasterium
1283 837 1288 846 ’

138 946 179 1018 de
197 950 356 1041 Domina,
376 951 409 1018 in
425 953 492 1022 vita
508 973 619 1019 autem
635 950 692 1020 sua
707 950 796 1020 hunc
809 975 966 1045 campum
983 947 1130 1046 promisit
1142 949 1173 1020 se
1186 974 1231 1020 te-

138 1090 214 1136 nere
227 1064 268 1136 de
277 1064 422 1162 praedicti
430 1062 616 1136 monasterii
624 1066 795 1136 monachis
804 1091 862 1162 per
869 1063 1020 1152 feudum3
1029 1068 1129 1161 &per
1139 1063 1232 1137 vesti·

138 1184 264 1253 tionem
281 1181 339 1254 dat
355 1181 439 1255 duos
454 1183 565 1255 caseos
580 1186 615 1254 in
632 1184 862 1281 Affumptione
879 1185 998 1255 sanctae
1015 1185 1135 1256 Mariae.
1159 1183 1230 1257 Post

136 1321 278 1367 mortem
296 1321 409 1368 autem
433 1297 522 1368 suam
545 1322 632 1369 totus
652 1324 788 1396 campus
810 1325 887 1370 cum
907 1296 1063 1395 praedicta
1079 1325 1231 1370 commu-

138 1413 261 1483 tatione
286 1437 387 1507 quam
416 1415 544 1510 accepit
567 1439 588 1483 a
615 1415 719 1485 Priore
743 1416 789 1483 ita
819 1437 855 1483 ut
883 1414 949 1511 ipse
975 1410 1055 1484 sicut
1083 1439 1230 1510 unquam

137 1527 251 1598 melius
263 1526 378 1599 habuit
390 1555 448 1626 per
464 1527 599 1600 alodum
611 1526 678 1599 sine
694 1529 859 1600 calumnia
875 1529 940 1600 ulla
955 1554 1115 1627 perpetuo
1127 1557 1231 1602 rema·

138 1666 215 1712 neat
230 1641 386 1738 praedicto
403 1641 611 1715 monasterio.

187 1757 307 1828 Eadem
336 1758 417 1829 hora
439 1757 535 1828 frater
559 1757 705 1851 ejusdem
727 1759 859 1830 Bosonis
884 1761 1020 1831 nomine
1037 1760 1230 1833 Vuillelrnus

139 1874 231 1946 dedit
252 1877 401 1946 Domino
427 1876 502 1946 Deo
519 1879 554 1945 ἃ
575 1875 689 1946 sancto
707 1876 798 1947 Petro
816 1873 859 1946 ad
875 1875 1047 1972 prefatum
1064 1874 1230 1948 monaste-

138 1992 220 2060 rium
237 2014 341 2058 unum
358 2014 514 2084 campum
538 1994 628 2079 juxta
647 1986 841 2084 predictum
859 1991 964 2060 rivum
981 1987 1101 2060 eodem
1126 1987 1229 2061 modo

140 2130 208 2201 quo
224 2102 322 2174 frater
336 2104 421 2174 suus.

190 2221 347 2289 Fecerunt
368 2242 479 2290 autem
504 2217 597 2290 istam
614 2217 831 2291 donationem
849 2215 898 2288 isti
915 2216 983 2290 duo
1008 2217 1118 2290 fratres
1139 2217 1232 2291 simul

141 2360 218 2405 cum
232 2360 331 2405 uxore
343 2334 476 2406 Bosonis
488 2337 622 2406 nomine
634 2335 757 2404 Vierna
773 2359 834 2430 pro
846 2334 946 2405 salute
963 2337 1145 2405 animarum
1162 2336 1233 2406 sua-

140 2473 212 2516 rum
233 2450 268 2518 &
289 2450 439 2517 omnium
461 2450 725 2544 propinquorum
744 2448 875 2518 suorum
891 2449 1040 2520 vivorum
1057 2445 1120 2519 five
1140 2475 1230 2520 mor-

140 2585 285 2650 tuorum,
300 2560 511 2659 presentibus
529 2560 667 2634 domino
677 2564 825 2661 Hugone
835 2565 938 2634 Priore
949 2566 983 2634 &
994 2563 1148 2663 iiolanno
1159 2591 1232 2636 rno-

141 2676 251 2747 nacho
267 2665 302 2747 &
319 2675 496 2749 Vuillelmo
518 2675 697 2773 presbitero
713 2680 748 2748 &
764 2674 907 2748 Andraea
921 2675 1099 2773 presbitero
1113 2682 1148 2750 &
1161 2680 1230 2750 Ro-

141 2787 313 2889 mestagno
329 2791 424 2862 fratre
442 2818 568 2864 eorum.

141 3044 1227 3096 (ὸὦῶῶῶὣῶὢῶὢῷὣῶὢὣῶὣῶὢῶὢῶὣῶὢῶὣῶὣῶῶῶὢῶὣῷὣῶᾣῶὢ

405 3343 482 3437 184.
506 3347 597 3415 Carra
615 3348 753 3415 deviner
770 3349 811 3413 ad
826 3349 962 3438 Frorgas.

145 3953 219 4023 quae
236 3925 352 3998 dicitur
373 3928 517 4024 frotgas,
536 3924 687 3999 videlicet
701 3935 791 4020 juxta
807 3930 916 3999 vineas
933 3927 1175 3998 monachorum
1192 3924 1233 3997 de

147 4045 308 4131 Domina3
326 4042 422 4112 frater
438 4069 514 4112 vero
532 4042 675 4134 ejusdem
694 4043 826 4113 Bosonis
845 4045 978 4114 nomine
997 4039 1236 4138 Romestagnus
