3144 5062
516 458 747 551 Cartulate
769 457 824 549 de
845 462 1047 552 Domina.
1241 499 1317 557 ιιι

239 726 313 771 mus
332 701 393 770 tale
413 700 590 772 servitium:
616 703 698 774 Boso
724 702 765 774 de
789 704 903 775 Vorch
928 702 1028 776 debet
1050 705 1103 776 sex
1127 704 1269 781 sestarios
1286 710 1327 784 de

238 819 331 906 vino,
351 819 458 888 Petrus
476 819 580 888 Pontii
592 841 654 889 tres
668 845 836 908 nummos3
850 822 967 918 Drogo
976 819 1133 917 presbiter
1148 816 1211 895 tres
1223 826 1328 898 sexta—

240 938 303 1006 rios
314 935 399 1024 vini,
410 933 564 1006 Giraldus
578 935 690 1006 Helias
703 934 796 1026 (inde
808 940 844 1008 δι
856 938 1078 1032 querimonia)
1087 961 1149 1010 tres
1158 940 1327 1034 sextarios3

240 1051 346 1120 Petrus
364 1049 500 1120 Rufinus
517 1047 601 1120 duos
614 1049 780 1139 sextarios,
796 1049 982 1122 Guicardus
994 1052 1151 1149 presbiter
1167 1055 1328 1129 &fratres

240 1165 286 1234 sui
298 1187 439 1258 quatuor
455 1162 606 1234 sextarios
621 1165 698 1236 vini.
823 1231 826 1238 .

293 1302 346 1370 17.
375 1279 503 1350 Notum
529 1275 567 1348 fit
590 1277 745 1350 omnibus
771 1302 839 1348 tam
859 1278 1070 1375 praesentibus
1090 1308 1190 1377 quarn
1215 1285 1328 1358 futuris

240 1393 421 1466 scambium
436 1394 528 1465 fuisse
545 1393 586 1464 de
604 1396 692 1464 terris
708 1395 770 1465 suis
786 1396 869 1465 inter
885 1396 1070 1467 monachos
1087 1395 1128 1468 de
1140 1400 1328 1473 Domina&

240 1512 368 1581 Petrum
385 1505 426 1578 de
442 1507 638 1578 Versatorio⁴
660 1507 818 1578 Monachi
834 1505 995 1579 dederunt
1011 1512 1102 1581 Petro
1119 1510 1177 1582 sub
1193 1512 1329 1586 Villario

239 1650 395 1722 campum
412 1649 512 1719 quern
528 1621 619 1694 dedit
635 1626 679 1693 eis
693 1623 806 1721 Vuigo
824 1624 1007 1694 Guarinus:
1022 1626 1130 1696 Petrus
1145 1653 1223 1699 vero
1240 1627 1330 1700 dedit

240 1741 410 1813 monachis
425 1742 598 1838 grangiam
615 1740 749 1810 suant&
762 1765 870 1809 aream
884 1736 964 1810 sicut
976 1740 1119 1812 clausura
1127 1746 1325 1817 continetur.

240 1844 392 1929 Praeterea
403 1853 571 1925 sciendum
588 1852 634 1925 est
649 1855 832 1925 monachos
845 1856 937 1925 Petro
951 1853 1071 1926 dediffe
1084 1854 1202 1927 decem
1214 1858 1330 1932 solidos

238 2003 298 2073 pro
307 1975 369 2045 hac
381 1975 531 2072 grangia.
546 1973 615 2069 lpse
632 1974 739 2043 Petrus
752 1972 882 2042 caseum
891 1996 995 2042 unum
1005 1975 1102 2042 trium
1115 2000 1329 2048 nummorum

240 2119 299 2189 per
314 2114 481 2186 quemque
493 2114 620 2158 annum
627 2088 659 2158 se
668 2091 714 2158 eis
730 2086 929 2159 redditurum
946 2086 1106 2184 promifit‚
1120 2089 1272 2162 videlicet
1286 2091 1330 2164 ad

240 2208 353 2279 feriam
366 2204 622 2301 Gratianopolis.
643 2205 677 2272 Si
693 2205 767 2298 quis
785 2204 928 2298 aliquam
947 2204 1147 2274 calumniam
1164 2228 1221 2274 aut
1240 2206 1330 2277 alteri

239 2325 390 2415 injuriam
403 2320 528 2411 fecerit,
548 2319 618 2390 talis
634 2321 868 2391 convenientia
887 2315 956 2390 est:
986 2343 1022 2388 ut
1039 2319 1174 2414 quisque
1191 2323 1330 2418 accipiat

239 2438 329 2535 quod
346 2439 438 2508 suum
454 2434 513 2523 est,
537 2438 644 2506 Petrus
660 2461 737 2506 vero
754 2432 869 2505 reddat
884 2431 1001 2505 decern
1018 2434 1138 2506 solidos
1150 2461 1210 2532 pro
1226 2428 1327 2534 gran-

241 2557 296 2653 gia
304 2578 360 2624 aut
370 2553 509 2650 grangia
524 2549 703 2621 dimittatur
715 2552 749 2619 in
762 2576 859 2648 pace,
868 2554 903 2621 &
912 2552 1088 2646 unicuique
1101 2548 1182 2622 stcut
1194 2555 1330 2651 cognita

239 2669 423 2739 melioratio
439 2665 536 2735 fuerit
551 2662 742 2735 restituatur.

287 2779 399 2853 Testes
416 2781 509 2851 sont:
530 2782 615 2851 Prior
630 2783 744 2869 Anno,
764 2783 822 2875 qui
834 2807 875 2852 eo
890 2805 1037 2876 tempore
1054 2805 1138 2871 erat,
1153 2781 1266 2880 Vuigo
1279 2784 1328 2853 sa-

238 2897 342 2988 crista,
362 2895 519 2968 Girardus
535 2897 689 2995 claviger,
708 2895 888 2968 Bernardus
904 2895 1061 2985 Citheni,
1078 2899 1186 2969 Petrus
1200 2899 1325 2990 Pellius,

241 3013 491 3104 Constantinus,
508 3014 574 3111 ipse
593 3014 700 3084 Petrus
712 3017 770 3109 qui
785 3013 871 3084 hanc
888 3037 1011 3083 cartam
1024 3012 1092 3084 fieri
1103 3011 1202 3104 juffrt,
1219 3014 1328 3088 Giral-

241 3130 300 3201 dus
316 3131 457 3216 Brutius,
472 3127 665 3199 Vuillelmus
680 3128 763 3199 filius
776 3135 858 3220 ejus.

293 3248 347 3319 18.
364 3247 432 3345 Ego
449 3248 608 3317 Otmarus
624 3243 666 3314 de
675 3245 875 3316 Commariis
889 3242 964 3314 dedi
981 3248 1016 3315 &
1028 3241 1169 3314 concellt
1178 3243 1260 3315 duos
1276 3245 1327 3316 so-

237 3362 322 3434 lidos
330 3362 496 3433 censuales
506 3362 601 3458 supra
613 3362 786 3459 grangiam
795 3364 830 3431 &
840 3386 997 3456 campum
1009 3386 1122 3430 meum
1131 3358 1172 3430 de
1180 3360 1326 3452 Villari0,

239 3505 299 3576 pto
315 3481 427 3548 anima
451 3479 557 3547 uxoris
579 3502 663 3546 meae
687 3477 880 3564 Petronillae,
906 3474 946 3546 de
972 3483 1063 3568 cujus
1083 3475 1161 3546 dote
1186 3478 1254 3573 ipsa
1270 3477 1329 3548 fuit

238 3591 407 3689 polleffio,
427 3589 542 3662 domui
564 3588 605 3661 de
624 3592 821 3662 Domina&
838 3591 1008 3662 monachis
1029 3589 1153 3662 ibidem
1172 3594 1247 3664 Deo
1264 3595 1327 3664 ser-

238 3706 400 3779 vientibus
415 3710 450 3777 in
467 3703 584 3777 festum
597 3706 699 3776 sancti
716 3707 846 3776 Martini
862 3704 1059 3776 reddendos.

287 3823 362 3894 Hoc
377 3822 440 3894 feci
455 3826 489 3893 in
503 3847 603 3892 manu
618 3824 721 3893 Pontii
736 3820 872 3893 Ainardi
885 3824 1007 3909 Primis,
1020 3824 1054 3890 in
1066 3822 1235 3918 prasentia
1251 3851 1326 3896 mo-

239 3936 420 4007 nachotum
445 3936 575 4007 suorum
600 3934 766 4025 bernardi,
787 3933 953 4022 ludovici,
973 3934 1121 4021 loannis,
1143 3935 1324 4029 Cuillelmi,

240 4053 331 4141 Petri,
351 4050 480 4136 lacobi,
497 4052 624 4148 Ugonis
638 4047 678 4119 de
692 4049 809 4138 Cedis,
831 4054 865 4120 ὅ(
882 4049 1019 4120 aliorum
1036 4049 1261 4145 plurimorum.
