3144 5062
517 479 753 572 Cartulare
773 480 828 572 de
850 485 1051 574 Domina.
1251 520 1324 609 173

239 731 299 820 tyri
315 727 358 798 ad
375 728 480 824 ipsum
498 725 729 798 monasterium
746 724 787 797 de
809 729 968 813 Domina,
992 724 1083 823 quod
1099 751 1191 823 pater
1215 754 1329 798 eorum

238 841 430 933 construxit,
454 842 605 914 videlicet
628 842 671 913 ad
690 842 875 939 profectum
900 843 1117 913 &honorem
1144 842 1329 915 Cluniensrs

238 959 398 1048 coenobii,
415 959 456 1031 de
474 957 608 1031 ecclesia
621 960 747 1031 Sanctae
766 960 875 1030 Mariae
893 958 933 1029 de
950 956 1090 1030 Tedesro
1106 985 1208 1055 quam
1226 985 1330 1031 totam

238 1101 277 1146 ex
295 1079 423 1174 integro
440 1075 614 1167 dederunt,
631 1074 711 1147 srcut
721 1102 869 1171 unquam
878 1075 993 1146 melius
1006 1074 1191 1147 habuerunt
1203 1101 1260 1146 aut
1273 1074 1329 1172 ipsr

238 1216 295 1262 aut
311 1192 390 1262 alius
406 1219 463 1289 per
476 1219 543 1263 eos.
559 1195 777 1264 Donaverunt
789 1189 929 1261 fimiliter
942 1187 1146 1261 mansionem
1156 1192 1235 1261 Petri
1246 1191 1329 1261 Mai-

239 1307 353 1380 noardi
370 1333 444 1405 quae
456 1311 491 1379 in
502 1335 616 1380 eorum
631 1305 826 1405 poffeffione
839 1305 897 1378 fita
913 1332 982 1377 erat
998 1315 1089 1400 juxta
1098 1306 1281 1395 ecclesram‚
1294 1311 1329 1377 ἃ

238 1449 345 1496 totum
362 1423 595 1521 quodincurte
612 1424 668 1494 sua
684 1423 869 1520 poffidebat
882 1422 924 1493 ab
935 1428 993 1494 eis.
1012 1422 1112 1494 Dedit
1125 1427 1224 1495 etiam
1236 1422 1328 1494 srmul

238 1536 400 1609 Ainardus
429 1536 633 1610 mansionem
659 1538 791 1610 Roduffi
816 1566 893 1610 cum
921 1540 1037 1610 curtilo
1063 1544 1097 1611 ἃ
1121 1538 1328 1611 manfionem

239 1653 371 1726 Aldrici.

289 1770 560 1840 Feceruntautem
569 1769 632 1840 hoc
642 1767 769 1839 donum
778 1767 821 1838 ad
829 1766 1095 1840 sustentationem
1104 1768 1237 1839 fratrum
1247 1769 1329 1840 Clu-

239 1883 440 1956 niacenfium
460 1883 548 1983 apud
574 1888 756 1957 Dominam
776 1888 809 1955 in
830 1883 1027 1956 monasterio
1050 1888 1328 1956 commorantium

238 2026 298 2097 pro
311 2001 410 2072 salute
428 2002 484 2072 sua
496 2004 531 2072 &
543 2028 603 2098 pro
616 2006 848 2099 peccaminum
865 2004 996 2073 suorum
1008 2001 1249 2097 redemptione,
1266 2027 1327 2073 nec

239 2119 419 2213 non&pro
431 2119 542 2213 requie
556 2119 739 2187 animarum
751 2120 849 2214 patris
863 2144 900 2188 ac
915 2119 1025 2187 matris
1040 2117 1172 2188 suorum
1186 2142 1327 2188 cuncto-

237 2258 375 2327 rumque
384 2234 515 2304 suorum
522 2236 796 2330 propinquorum.
815 2233 970 2306 Laudavit
984 2261 1061 2306 vero
1075 2233 1228 2306 dominus
1242 2237 1326 2306 Pon-

238 2349 300 2418 tius
316 2351 351 2417 ἃ
368 2375 449 2419 uxor
460 2356 530 2442 ejus
547 2350 683 2420 Beatrix.
702 2348 927 2421 Laudaverunt
943 2348 1096 2420 dominus
1112 2349 1275 2420 Ainardus
1292 2354 1326 2420 ὅ(

238 2489 319 2535 uxor
333 2472 402 2557 ejus
421 2467 568 2537 Fecenna
580 2470 615 2538 &
631 2466 713 2536 filius
730 2474 800 2558 ejus
817 2465 974 2537 Arbertus
986 2470 1021 2538 ἃ
1037 2466 1209 2537 Amardus.

284 2578 396 2652 Testes
409 2581 482 2652 sunt
491 2582 617 2655 Alvisus
627 2584 719 2653 miles
732 2586 766 2653 ἃ
777 2583 972 2653 Vuillelmus
984 2581 1150 2678 presbiter.

240 2843 1323 2893 ῶῶῶὢῶὢῶὣῶὣῶὣῶᾢῶὢῶὣῶ’ΜῶὣῶΜῶὣῶὣῶὣῶὣῶὣῶὣᾶὣῶ

387 3189 464 3286 196.
480 3193 572 3259 Corra
583 3194 668 3258 Petri
681 3194 717 3257 de
731 3194 844 3257 decimo
854 3195 944 3258 vineo
958 3195 987 3257 in
1001 3192 1175 3282 odlovargo.

266 3539 271 3548 ·
310 3504 311 3561 ὲ
374 3482 635 3572 ξ”ῗΕΙΑΝΤ
659 3482 723 3551 hoc
745 3505 861 3552 omnes
887 3482 963 3576 quia
994 3476 1128 3574 quidam
1154 3478 1244 3548 miles
1265 3502 1325 3548 no-

308 3589 311 3685 ,¹
348 3628 352 3643 f
386 3553 1326 3733 '³343minePetrusAgarnushabebatinpraedictomanso

312 3700 461 3805 ‘vg
476 3713 603 3785 domini
624 3713 727 3783 Pontii
751 3710 830 3781 duas
852 3734 958 3805 partes
983 3708 1024 3779 de
1049 3708 1179 3779 decimo
1200 3708 1268 3798 illo,
1291 3711 1326 3777 ἃ

239 3859 342 3906 totam
355 3858 482 3930 partem
501 3830 542 3901 de
560 3829 690 3900 decimo
708 3830 811 3899 vineae
836 3826 962 3898 domini
985 3828 1088 3899 Pontii
1110 3829 1143 3894 in
1160 3825 1326 3923 Alavargo

238 3954 272 4019 δε
289 3948 368 4021 duas
385 3974 492 4046 partes
505 3945 546 4016 de
560 3945 690 4016 decimo
707 3941 747 4012 de
761 3944 825 4013 hoc
839 3939 930 4038 quod
941 3943 1085 4013 ioannes
1096 3964 1324 4037 cognomento

239 4066 411 4162 Episcopus
434 4062 566 4135 tenebat
587 4060 629 4132 ab
651 4088 691 4130 eo
715 4063 746 4128 in
765 4060 839 4129 loco
855 4060 1075 4145 ferrariarum,
1099 4053 1189 4126 dedit
1207 4080 1325 4126 mona-
