3144 5062
383 443 581 518 Glossarium
597 446 640 519 ad
657 447 750 519 usum
765 449 942 520 Cartularis
958 447 999 519 de
1017 452 1174 522 Domina.
1247 469 1313 546 441

271 652 455 719 quodammodo
471 653 617 718 servatum),
635 653 767 701 senioribus

272 739 338 786 laicis
353 747 395 786 aut
411 738 572 788 ecclesiasticis
585 740 623 787 vel
641 742 767 788 monacbis

828 653 928 701 busdam
945 655 1004 716 juris
1022 654 1120 702 feodalis
1133 655 1319 722 obligationibus

827 740 939 788 serviliter
956 741 1086 789 obnoxiam
1100 741 1206 790 vassallus
1219 746 1320 805 pecunia

271 826 405 887 proprium.

239 913 356 962 Recipere.
370 916 401 962 C.
419 931 460 981 ¹33
472 932 478 962 :
490 916 587 981 Propter
596 911 640 964 hoc
653 911 721 964 debet
734 930 767 964 re·

271 997 345 1064 cipere
353 996 480 1048 monachos
493 1000 516 1048 in
529 1000 653 1066 refectorio
665 997 767 1066 depone

270 1084 292 1133 fe
304 1085 356 1134 uino
366 1083 462 1152 &subis
471 1083 596 1153 &pfiibus
607 1087 628 1136 e
634 1083 765 1153 pulmento.

271 1171 319 1219 Sibi
339 1172 388 1220 vult
405 1169 505 1238 hospitio
518 1173 631 1238 excipere.
646 1172 707 1221 Gall.
724 1170 767 1221 1ιέ-
825 1187 900 1238 gneur
908 1169 930 1221 le
939 1173 1000 1222 droit
1008 1169 1037 1222 de
1038 1172 1164 1240 flrcceffion
1182 1189 1212 1222 ou
1224 1170 1252 1222 de
1267 1190 1319 1222 niu-

271 1251 361 1324 berger.
373 1259 435 1306 Vide
446 1260 571 1307 themunt
581 1260 659 1322 supra.
826 1258 918 1315 turion;
937 1265 960 1326 3·
972 1274 999 1308 en
1014 1256 1120 1309 donnunt
1137 1275 1181 1309 une
1194 1254 1322 1310 indemnite'

238 1343 372 1392 Rtnauemo
391 1358 495 1407 uniunt,
517 1346 651 1393 neneumo
668 1358 765 1393 rennuit.
821 1359 884 1410 pour
901 1341 925 1392 lu
942 1341 1024 1394 libe'rer
1033 1341 1062 1394 de
1072 1346 1183 1396 certaines
1190 1343 1320 1412 servitudes

271 1431 302 1477 C.
319 1446 381 1478 iro:
393 1427 615 1498 Amuldrudusoroe
627 1428 717 1479 domini
725 1430 767 1478 Αἱ·
818 1428 989 1497 seigneuriules
999 1428 1157 1497 ouse'odules.

271 1512 341 1565 nurdi
350 1512 378 1566 de
387 1517 491 1566 Domino
501 1513 565 1567 dedit
573 1517 680 1582 mansum
695 1532 765 1565 unum
793 1516 967 1565 Rertcromuu.
982 1519 1013 1566 C.
1031 1534 1074 1578 ¹7³
1087 1519 1138 1565 Hoc
1149 1515 1317 1584 ........fitpro

273 1638 378 1651 ..........
391 1600 512 1652 monachis
524 1599 713 1668 Cluniocenjibus
722 1618 765 1670 pro
821 1598 923 1669 pffcibus
929 1604 953 1651 in
960 1602 1084 1669 refedoeio
1090 1599 1123 1652 ud
1127 1602 1319 1669 anniversarium·

270 1687 413 1755 unimoesuoe
424 1686 590 1756 redemptione.
605 1688 766 1737 1’Eltanimae
826 1697 847 1736 te
857 1704 880 1736 c.
892 1705 920 1756 ²3
928 1706 994 1756 3-14,
1010 1697 1031 1737 ti
1041 1689 1105 1738 alibi.
1119 1689 1190 1738 Locus
1200 1685 1319 1755 ubifimul

249 1830 255 1842 ι
271 1775 461 1823 Christianorum
471 1791 516 1839 per
524 1791 609 1839 preces
615 1784 656 1824 aut
663 1775 766 1823 eleemo-
826 1772 950 1824 comedunt
960 1773 1078 1825 monachi.
1089 1776 1152 1825 Gali.
1161 1773 1294 1843 re'setioire.

270 1862 338 1922 iynas
354 1878 369 1910 e
383 1864 523 1928 purgatorio
538 1863 643 1911 eduttio.
662 1868 686 1910 a·
704 1862 766 1909 Vide
792 1861 911 1909 Rttrcno.
925 1864 955 1910 C.
970 1865 1017 1910 26:
1032 1863 1138 1930 Etsuper
1151 1859 1227 1911 uitare
1239 1862 1320 1912 Sentii

271 1947 331 1994 inira
350 1949 475 1997 litomeri.
499 1948 561 1996 Gall.
588 1955 609 1995 ι’
629 1944 766 1996 Deliurunce
826 1947 887 1996 Petri
906 1945 940 1996 illi
958 1960 1003 1998 tres
1019 1960 1134 2015 ponentes
1149 1945 1210 1998 lianc
1229 1961 1319 1998 certum

270 2030 339 2082 d'une
352 2033 406 2083 time
419 2031 549 2083 clire'rienne
563 2030 602 2083 des
605 2031 721 2100 flammei
734 2029 764 2080 du
817 2030 1203 2103 feceruntrelitiionemtedonum
1215 2035 1318 2084 omnium

266 2121 406 2187 purgetoire
412 2136 459 2187 pur
471 2118 544 2187 l'effet
554 2117 594 2169 des
600 2117 687 2186 priires
697 2135 726 2168 ou
736 2115 765 2167 de
826 2133 877 2183 qua
893 2120 916 2168 in
929 2117 1042 2186 proditio
1060 2118 1142 2185 menso
1159 2117 1319 2186 accipiebant!-

270 2203 397 2255 l'aumdne.
409 2214 433 2256 2⁰
446 2204 541 2270 ‘liuciae
551 2203 579 2255 de
590 2203 614 2254 ln
627 2218 694 2255 terre.
825 2217 846 2254 te
860 2221 883 2255 c.
902 2223 942 2274 30,
958 2209 1002 2255 128
1020 2215 1040 2255 ti
1054 2207 1119 2255 aiibi.
1133 2208 1187 2255 Hoc
1200 2208 1234 2255 est
1246 2203 1319 2257 dono·

236 2294 352 2342 Remum!
372 2307 474 2342 rentum.
491 2294 522 2340 C.
542 2307 605 2359 ²35·
612 2310 621 2359 3
635 2310 641 2339 :
660 2294 689 2340 Et
709 2294 764 2359 quia
824 2296 866 2356 rio,
878 2291 996 2358 conceffio.
1012 2294 1074 2342 Gall.
1087 2290 1198 2343 abendon
1205 2331 1212 2356 ,
1229 2293 1319 2360 conces·

270 2376 352 2428 eudem
366 2391 427 2428 term
437 2374 515 2445 poſsm
522 2378 610 2445 fuerat
625 2379 648 2427 in
662 2374 765 2427 radimo·
814 2377 882 2445 fion.
895 2381 958 2428 Vide
971 2382 1104 2429 Gumrrrm.

269 2465 335 2513 nium
343 2462 392 2531 sub
409 2480 480 2513 munu
499 2461 616 2514 Vuillelmi
637 2461 666 2513 de
681 2465 765 2513 Auriu-
791 2469 930 2516 lteomttm.
951 2468 982 2514 C.
1002 2481 1068 2528 209:
1088 2467 1208 2516 Terminut
1225 2481 1253 2515 ex
1270 2482 1318 2514 unu

268 2551 309 2616 gio
323 2550 390 2599 Peior
400 2561 543 2600 memoretur
556 2546 685 2599 Guicerdus
699 2546 764 2599 rede·
820 2565 890 2620 porte
905 2548 938 2601 ud
953 2550 1060 2618 mensum
1077 2548 1106 2601 de
1121 2553 1252 2602 Reorteriis.
1264 2555 1318 2601 Hoc

269 2637 313 2685 mir
326 2651 379 2686 eam
389 2653 434 2704 pro
448 2637 546 2704 triginta
553 2633 640 2702 solidis
658 2634 764 2686 Valenti·
824 2640 925 2688 verbum
943 2640 1023 2688 nullibi
1041 2641 1117 2688 inveni
1125 2658 1133 2699 3
1146 2640 1189 2702 est,
1209 2648 1235 2687 ut
1248 2650 1316 2704 puto,

828 827 939 889 redemit,
953 836 979 875 ut
994 828 1049 876 inde
1063 827 1137 877 libera
1153 830 1251 877 omnino
1269 831 1320 893 ejtrs

827 914 941 961 evaderet
951 913 1069 977 posteffio.
1085 915 1146 963 Gall.
1160 911 1264 964 recitem
1275 930 1320 964 une

826 1009 893 1060 terre,
904 1005 935 1062 ι’,
942 997 1256 1067 enpurgeonri’liypotlie‘que
1263 996 1321 1049 dont

827 1082 870 1134 elle
883 1082 916 1148 est
927 1084 1023 1152 greue'es
1039 1092 1064 1134 2·
1077 1102 1105 1135 en
1119 1098 1212 1153 payunt
1227 1102 1258 1135 au
1266 1085 1319 1154 sei-

270 2719 355 2785 nienfis
374 2734 473 2772 moneta
491 2719 524 2771 ud
542 2737 599 2789 opus
616 2721 764 2788 Dominenfis

269 2805 383 2874 Ecclefioe.
394 2811 418 2857 ln
428 2812 475 2858 lioc
485 2809 549 2873 pulsu
560 2805 670 2857 redimere
678 2821 763 2857 terrum

270 2896 451 2961 intelligendum
465 2896 499 2944 est
516 2896 563 2942 hoc
582 2895 646 2943 sensu
661 2902 688 2942 ut
700 2903 762 2943 terra

270 2985 293 3030 in
305 2982 443 3030 vadimonio
461 2982 518 3029 data
536 2996 580 3043 pro
599 2980 705 3043 quadam
719 2997 763 3044 pe-

270 3071 347 3117 cuniae
361 3071 393 3130 vi,
409 3070 455 3115 bac
470 3069 557 3116 eadem
570 3070 680 3130 pecuniae
692 3071 762 3131 copia

271 3156 382 3218 reposita,
391 3154 524 3202 redimatur
536 3153 643 3201 albere
656 3153 688 3201 ab
704 3154 763 3201 bero

270 3243 312 3290 suo
328 3256 391 3289 novo
407 3240 562 3304 pollidoatur.
584 3240 763 3302 Nonnunquam

269 3337 350 3376 tamen
359 3328 425 3390 apud
433 3328 559 3389 scriptores
564 3326 635 3374 Medii
642 3327 701 3373 tivi
711 3321 763 3373 red-

269 3414 356 3482 emptio
369 3425 434 3463 teeroe
447 3413 517 3461 aliam
528 3413 632 3475 prrebuit
646 3412 763 3478 fignifica-

268 3502 368 3551 tionem.
380 3501 465 3549 Hoeres
474 3501 538 3547 enim
548 3499 668 3547 demortui
677 3499 762 3546 vassalli

269 3588 368 3635 domino
383 3587 424 3634 luo
437 3585 566 3648 praestabat
578 3585 709 3647 quamdam
723 3601 763 3647 pe-

269 3675 346 3721 cuniae
361 3674 409 3720 vim
429 3672 461 3719 ad
480 3672 638 3719 obtinendum
660 3671 761 3719 liberum

825 2726 861 2772 ilia
872 2723 963 2791 piscina
980 2725 1078 2790 aquaria
1093 2726 1133 2773 ubi
1149 2726 1264 2774 cannabis
1274 2741 1319 2790 per

825 2812 1033 2859 fermentationem
1044 2813 1066 2858 in
1080 2812 1134 2859 ulus
1147 2812 1200 2859 suos
1209 2820 1315 2874 paratur.

824 2897 886 2945 Gall.
898 2897 995 2958 routoir,
1005 2893 1077 2961 boffin
1086 2893 1154 2945 d’euu
1164 2909 1275 2946 coumme
1287 2894 1317 2945 ori

822 2981 870 3033 l'on
878 2983 935 3048 seir
944 2983 1006 3032 eouir
1016 2979 1037 3031 le
1050 2979 1148 3031 chunvre
1158 2998 1221 3049 pour
1230 2980 1253 3031 le
1261 2981 1317 3049 ρκ’-

820 3085 891 3137 perer
908 3066 922 3117 ά
939 3067 1076 3135 l’ope'rotion
1091 3064 1122 3116 du
1138 3065 1241 3135 redinge,
1256 3070 1316 3117 Haec

823 3170 1041 3221 reoirentamagna
1050 3157 1159 3218 pecuniae
1166 3157 1188 3202 vi
1197 3157 1317 3203 inGratia-

824 3241 1316 3305 nopolisvalleconducunturquandoma-

824 3337 884 3377 turae
893 3329 945 3376 lunt
953 3328 1083 3375 cannabes.
1096 3327 1178 3375 forsan
1186 3335 1267 3375 tamen
1277 3330 1315 3376 bic

824 3413 917 3478 moruus
934 3410 963 3462 de
977 3413 1104 3476 'Revereriis
1113 3428 1200 3461 nomen
1212 3416 1316 3479 regionis

824 3502 948 3564 proprium
961 3502 1020 3547 mibi
1035 3499 1130 3563 prorius
1140 3501 1228 3565 ignotae
1237 3501 1260 3547 in
1268 3503 1317 3563 epi-

822 3588 919 3650 scopatu
936 3587 1080 3635 Mauriennae
1097 3587 1194 3648 indicat,
1216 3586 1247 3634 de
1267 3602 1316 3648 quo

822 3674 877 3721 vide
889 3676 912 3720 in
923 3673 1003 3721 indice
1013 3673 1129 3721 locorum.

268 3760 351 3822 praedii
364 3760 456 3821 paterni
470 3758 607 3823 ingressum,
624 3772 652 3805 ac
664 3760 695 3805 ita
709 3753 761 3804 red·
790 3762 907 3808 Rrreurto
925 3773 1054 3820 rennuunt,
1071 3773 1173 3807 servitu.
1192 3761 1222 3807 C.
1239 3776 1277 3821 ιο,
1292 3762 1314 3807 in

269 3842 355 3895 irnebat
367 3843 538 3910 terrumsuum.
555 3846 579 3891 ln
594 3845 674 3907 aliquo
689 3844 761 3891 limile
823 3846 889 3893 titulo
899 3855 986 3893 cartae:
1002 3847 1074 3893 Curta
1087 3841 1235 3912 stephanide
1244 3848 1316 3895 Hero·

269 3934 315 3980 boc
335 3932 377 3979 iuit
393 3927 477 3980 tributo
492 3930 629 3979 mutationis
644 3928 761 3997 &sucres-
822 3931 874 3979 neio
891 3927 920 3978 de
932 3929 1066 3978 retentione.
1083 3931 1113 3977 C.
1128 3945 1198 3995 ²39⁴
1213 3947 1219 3976 ε
1237 3927 1316 3979 Dedit-

258 4015 335 4081 fiunis
347 4018 405 4083 legis
419 4019 504 4066 nolim*
519 4017 609 4082 gallicae
627 4018 757 4066 hodierum.
821 4031 864 4082 que
871 4014 944 4082 super
962 4012 1036 4064 ultore
1045 4011 1100 4080 fine
1116 4011 1163 4063 utta
1178 4016 1313 4066 retentione.

269 4106 323 4153 Non
335 4106 407 4154 semel
418 4121 515 4168 quoque
531 4114 621 4154 terrum
631 4108 702 4154 certis
711 4106 760 4168 qui·
822 4104 853 4151 lili
868 4104 958 4152 reditus
970 4103 1005 4151 vel
1015 4103 1134 4151 servitium
1143 4105 1245 4152 retinere
1257 4104 1312 4153 ditli

1092 4189 1171 4259 28i
